1704 2937
650 216 835 262 LYRA
888 216 1166 263 GRAECA

876 349 938 399 64

209 447 318 486 Ath.
338 449 373 489 7.
395 449 469 488 311
487 462 512 487 a
540 450 597 498 [π.
616 447 863 499 λαβράκων]·
896 450 1080 487 Ἀλκαῖος
1103 448 1144 488 δὲ
1171 451 1190 487 ὁ
1217 451 1434 498 μελοποιὸς
1458 448 1659 502 μετεωρόν

151 511 276 552 φησιν
295 503 416 543 αὐτὸν
436 503 645 553 νήχεσθαι.

872 765 933 811 65

202 864 390 903 Aristid.
422 866 459 903 2.
499 866 574 903 155
606 866 663 913 [π.
701 866 944 916 ῥητορικῆς]
986 865 1021 902 εἷ
1060 863 1103 902 δέ
1141 880 1249 904 τινες
1283 865 1346 903 καὶ
1387 865 1509 903 ἄλλοι
1547 881 1651 917 περι-

147 922 325 962 βοῶντες
375 920 588 967 ῥητορικὴν
636 919 822 969 ψέγουσι,
864 921 1026 968 μᾶλλον
1063 918 1105 957 δὲ
1144 916 1451 971 τονθορύζοντες
1497 921 1542 958 ἐκ
1579 922 1653 958 τοῦ

148 972 313 1023 ψέφως1
336 977 489 1020 <τε>
510 973 744 1024 τοξεύοντες
767 976 869 1014 κατὰ
890 976 1081 1013 Ἀλκαῖον
1111 1005 1119 1012 .
1156 1004 1164 1012 .
1201 1003 1210 1012 .
1245 973 1446 1013 τοσοῦτόν
1467 990 1533 1023 μοι
1556 975 1652 1026 πρὸς

148 1028 314 1068 τούτους
337 1029 624 1080 ἀποκεκρίσθω,
653 1030 714 1068 ὅτι
737 1032 926 1081 ῥητορικῇ
949 1030 1053 1079 παρὰ
1073 1027 1197 1068 πόδας
1217 1027 1369 1069 διδόασι
1388 1030 1465 1076 τὴν
1485 1029 1612 1077 δίκην.

289 1156 371 1189 C·!l-
420 1166 429 1176 .
475 1166 485 1176 .
532 1167 541 1177 .
584 1124 986 1193 οἲτονθόρυζον
1013 1125 1073 1177 ἐκ
1099 1123 1322 1193 ψέφαος
1349 1123 1394 1177 τ’
1424 1124 1486 1176 ἀῒ

335 1208 339 1275 Ι
585 1208 803 1274 τόξευον
832 1207 1050 1276 ἀμμέων

864 1414 923 1460 66

208 1507 326 1547 Plut.
361 1509 454 1557 Des.
494 1509 562 1547 Or.
595 1510 620 1546 :2
678 1510 822 1548 νεωστὶ
855 1508 896 1547 δὲ
925 1510 1104 1558 γεγονὼς
1138 1510 1230 1559 παρ’
1253 1508 1458 1556 ”Αμμωνα,
1490 1508 1542 1546 τὰ
1574 1506 1650 1558 μὲν

143 1570 256 1608 ἄλλα
275 1573 356 1609 τῶν
378 1571 463 1608 ἐκεῖ
482 1572 602 1616 δῆλος
625 1569 675 1616 ἧν
694 1572 749 1619 μὴ
777 1569 879 1609 πάνυ
902 1571 1173 1618 τεθαυμακώς,
1198 1570 1286 1621 περὶ
1317 1568 1359 1608 δὲ
1389 1571 1461 1609 τοῦ
1491 1568 1649 1618 λύχνου

139 1634 212 1670 τοῦ
246 1630 456 1676 ἀσβέστου
491 1634 670 1681 διηγεῖτο
705 1631 833 1681 λόγον
863 1632 971 1683 ἄξιον
1001 1635 1178 1679 σπουδῆς
1208 1629 1433 1682 λεγόμενον
1463 1633 1538 1672 ὑπὸ
1566 1636 1648 1671 τῶν

140 1694 289 1742 ἱερέων·
333 1695 392 1733 ἀεὶ
433 1695 510 1746 γὰρ
550 1694 723 1733 ἔλαττον
762 1695 998 1734 ἀναλίσκειν
1030 1695 1165 1734 ἔλαιον
1205 1694 1317 1734 ἔτους
1359 1693 1546 1742 ἑκάστου,
1583 1695 1647 1734 καὶ

138 1758 263 1794 τοῦτο
291 1760 487 1796 ποιεῖσθαι
518 1756 735 1806 τεκμήριον
765 1758 940 1796 ἐκείνους
966 1760 1039 1804 τῆς
1067 1761 1148 1796 τῶν
1179 1754 1371 1795 ἐνιαύτων
1398 1755 1642 1807 ἀνωμαλίας,

138 1818 210 1855 τὸν
246 1817 384 1869 ἕτερον
413 1821 486 1858 τοῦ
518 1819 768 1870 προάγοντος
801 1820 860 1858 ἀεὶ
896 1822 955 1869 τῷ
986 1817 1119 1871 χρόνῳ
1152 1818 1409 1870 βραχύτερον
1437 1818 1642 1866 ποιούσης·

143 1880 249 1919 εἶκὺς
297 1881 374 1931 γὰρ
424 1883 466 1919 ἐν
506 1881 696 1920 ἐΛάττονι
736 1880 869 1933 χρόνῳ
909 1884 957 1920 τὸ
997 1882 1278 1930 δαπανώμενον
1316 1879 1494 1920 ἔλαττον
1528 1881 1638 1921 εἶναι.

139 1942 427 1991 θαυμασάντων
462 1942 503 1981 δε
543 1947 625 1982 τῶν
662 1942 881 1995 παρόντων,
917 1944 989 1982 τοῦ
1030 1944 1071 1982 δὲ
1112 1942 1346 1994 Δημητρίου
1380 1942 1444 1981 καὶ
1479 1941 1643 1992 γέλοιον
1679 1967 1682 1969 -

137 2004 345 2055 φήσαντος
377 2005 474 2044 εἶναι
505 2006 582 2044 ἀπὸ
615 2009 764 2056 μικρῶν
795 2006 1045 2057 πραγμάτων
1077 2007 1181 2044 οὕτω
1219 2004 1385 2054 μεγάλα
1425 2008 1560 2056 θηρᾶν,
1597 2009 1641 2046 οὐ

138 2070 225 2105 κατ’
247 2070 436 2107 Ἀλκαῖον
455 2070 496 2117 ἐξ
516 2067 662 2116 ὄνυχος
685 2069 757 2105 τὸν
779 2067 930 2106 λέοντα
946 2065 1188 2118 γράφοντες,
1213 2066 1324 2105 ἀλλὰ
1347 2069 1556 2117 θρυαλλίδι
1577 2069 1641 2107 καὶ
1699 2098 1704 2105 .

137 2128 279 2178 λύχνῳ
317 2131 390 2167 τὸν
427 2130 596 2180 οὐρανὸν
642 2131 740 2177 ὁμοῦ
789 2145 829 2167 τι
878 2128 1095 2176 σύμπαντα
1132 2128 1402 2177 μεθίσταντας
1450 2129 1514 2168 καὶ
1565 2130 1642 2177 τὴν

136 2192 415 2239 μαθηματικὴν
446 2191 568 2241 ἄρδην
591 2191 853 2241 ἀναιροῦντας
883 2221 891 2228 .
929 2221 937 2228 .
973 2221 981 2229 .

393 2338 465 2375 029.
506 2307 566 2375 ἐξ
591 2307 786 2377 ὄνυχος
816 2305 870 2358 δὲ
898 2307 1097 2361 λέοντα
1126 2306 1378 2376 νγράψαις

187 2505 204 2529 1
235 2504 371 2557 ψέφως
403 2506 577 2546 Lobeck
607 2507 664 2545 -E
686 2506 739 2545 cf.
767 2505 860 2545 Gal.
889 2508 924 2545 S.
954 2506 1044 2554 780,
1071 2503 1506 2557 ΗθεγοῙΙ..ψεφαίαις;
1549 2515 1637 2542 mss

136 2559 280 2611 ψόφου,
307 2560 457 2601 σκότου

138 2660 234 2720 360
