1704 2937
722 468 1064 523 ΑΡΙΟΝΟΣ

830 604 956 661 Βίος

217 726 342 772 Hdt.
380 727 419 772 1.
457 727 515 771 253
594 719 911 787 ἐτυράννευε
943 717 996 771 δὲ
1038 717 1424 788 ὁΠερίανδρος
1454 719 1641 787 Κορίν-

142 793 251 844 θου.
332 798 404 862 τῷ
447 792 509 857 δὴ
553 790 786 858 λέγουσι
827 790 1550 861 Κορίνθιοι-ὁμολογέουσι
1591 791 1644 845 δέ

143 871 244 934 σφι
285 865 657 929 Λέσβιοι-ἐν
698 868 772 933 τῷ
809 863 916 933 βίῳ
958 865 1116 932 θῶμα
1154 864 1417 933 μέγιστον
1463 887 1641 934 παρα-

141 943 356 1004 στῆναι,
404 936 630 1007 Ἀρίονα
683 935 776 989 τὸν
829 937 1195 1004 λῙηθυμναῖον
1247 937 1339 990 ἐπὶ
1391 937 1642 1006 δελφῖνος

140 1010 513 1099 ἐξενειχθέντα
551 1010 642 1062 ἐπὶ
679 1008 967 1076 Ταίναρον,
998 1010 1156 1063 ἐόντα
1200 1009 1498 1079 κιθαρῳδὸν
1537 1014 1643 1063 τῶν

141 1082 265 1136 τότε
325 1083 520 1136 ἐόντων
580 1082 793 1138 οὐδενὸς
845 1081 1092 1152 δευτερον
1145 1083 1239 1136 καὶ
1302 1082 1644 1152 διθύραμβον

141 1160 356 1224 πρῶτον
409 1155 714 1224 ἀνθρώπων
766 1157 870 1208 τῶν
923 1157 1071 1222 ημεῖς
1130 1154 1278 1220 ιδμεν
1327 1156 1644 1222 ποιησαντά

141 1252 198 1281 τε
244 1230 335 1282 καὶ
381 1228 736 1293 ὀνομάσαντα
781 1229 876 1280 καὶ
924 1227 1223 1297 διδάξαντα
1266 1230 1319 1281 ἐν
1375 1227 1642 1298 Κορίνθῳ.

141 1306 334 1354 τοῦτον
390 1300 484 1354 τὸν
532 1299 761 1369 Ἀρίονα
820 1299 1051 1367 λέγουσι
1112 1300 1206 1353 τὸν
1271 1300 1489 1353 πολλὸν
1549 1305 1646 1354 τοῦ

140 1375 343 1445 χρόνον
372 1373 731 1443 διατρίβοντα
760 1373 909 1443 παρὰ
940 1373 1280 1444 Περιάνδρῳ,
1304 1374 1644 1441 ἐπιθυμῆσαι

140 1451 369 1500 πλῶσαι
397 1448 446 1504 ἐς
474 1445 724 1510 Ἰταλίην
751 1469 809 1498 τε
836 1446 930 1499 καὶ
963 1444 1236 1510 Σικελίην·
1266 1447 1644 1515 ἐργασάμενον

141 1520 197 1572 δὲ
235 1519 497 1590 χρήματα
532 1520 752 1586 μεγάλα
791 1519 1031 1585 θελῆσαι
1073 1517 1254 1572 ὀπίσω
1289 1519 1339 1576 ἐς
1374 1518 1644 1589 Κόρινθον

139 1592 459 1645 ἀπικέσθαι·
539 1591 818 1662 ὁρμᾶσθαι
883 1591 980 1658 μέν
1050 1615 1143 1644 νυν
1212 1593 1271 1644 ἐκ
1345 1593 1641 1660 Τάραντος,

140 1665 478 1718 πιστεύοντα
520 1665 573 1718 δὲ
617 1664 911 1732 οὐδαμοῖσι
955 1668 1175 1731 μᾶλλον
1222 1664 1255 1731 ἢ
1302 1664 1644 1732 Κορινθίοισι

137 1738 537 1805 μισθώσασθαι
602 1741 801 1790 πλοῖον
864 1736 1072 1806 ἀνδρῶν
1139 1736 1461 1806 Κορινθίων·
1517 1736 1641 1794 τοὺς

140 1811 246 1862 δὲ’
222 1834 275 1864 εν
305 1816 378 1880 τῷ
410 1812 643 1877 πελάγει
680 1809 1064 1873 ἐπιβουλεύειν
1092 1809 1184 1862 τὸν
1209 1808 1433 1878 Ἀρίονα
1473 1811 1640 1870 ἐκβα-

138 1882 336 1940 λόντας
366 1884 513 1954 ἔχειν
541 1882 610 1935 τὰ
637 1904 899 1974 χρηματα
942 1924 951 1934 .
997 1924 1006 1934 .
1052 1924 1061 1934 .
1105 1882 1197 1935 τὸν
1231 1883 1285 1935 δὲ
1321 1881 1548 1936 ἐνδύντα
1584 1905 1643 1935 τε

138 1961 331 2009 πᾶσαν
382 1956 479 2023 τὴν
533 1954 734 2021 σκευὴν
785 1955 878 2007 καὶ
929 1953 1188 2020 λαβόντα
1245 1954 1343 2022 τὴν
1389 1955 1639 2043 κιθάρην,

137 2028 351 2081 στάντα
391 2030 445 2081 ἐν
491 2033 638 2081 τοῖσι
685 2028 965 2080 ἑδωλίοισι
1006 2027 1299 2095 διεξελθεῖν
1344 2025 1507 2094 νόμον
1548 2027 1641 2080 τὸν

136 2102 336 2170 ὄρθιον·
379 2105 742 2157 τελευτῶντος
784 2100 839 2152 δὲ
879 2104 976 2152 τοῦ
1021 2099 1186 2167 νόμου
1231 2099 1407 2169 ῥῖψαί
1454 2122 1548 2168 μιν
1591 2099 1643 2156 ἐς

137 2174 234 2238 τὴν
288 2174 590 2227 θάλασσαν
642 2173 840 2225 ἑωυτὸν
899 2175 966 2230 ὡς
1026 2171 1141 2243 εἶχε
1194 2172 1295 2225 σὺν
1347 2176 1413 2240 τῇ
1469 2176 1641 2241 σκευῇ

135 2246 311 2309 πάσῃ·
342 2247 432 2299 καὶ
461 2246 585 2303 τοὺς
611 2246 707 2312 μὲν
736 2245 1042 2298 ἀποπλέειν
1070 2246 1121 2302 ἐς
1154 2244 1434 2308 Κόρινθον·
1460 2243 1554 2297 τὸν
1585 2245 1640 2297 δὲ

135 2317 366 2389 δελφῖνα
402 2318 634 2386 λέγουσι
675 2317 1040 2380 ὑπολαβόντα
1079 2320 1339 2380 ἐξενεῖκαι
1378 2316 1471 2370 ἐπὶ
1510 2317 1639 2370 Ταί-

133 2414 295 2460 ναρον
327 2433 336 2443 .
382 2433 392 2443 .
434 2435 442 2443 .
474 2391 566 2444 καὶ
594 2389 839 2460 Ἀρίονός
872 2393 991 2443 ἐστι
1020 2390 1277 2456 ἀνάθημα
1301 2390 1549 2460 χάλκεον
1575 2391 1638 2442 οὐ

131 2463 272 2532 μέγα
300 2465 390 2517 ἐπὶ
418 2465 686 2533 Ταινάρῳ,
716 2463 807 2515 ἐπὶ
836 2462 1087 2532 δελφῖνος
1120 2462 1294 2516 ἐπεὼν
1329 2462 1638 2532 ἄνθρωπος.

138 2695 227 2752 136
