1704 2937
613 164 800 210 LYRA
850 164 1132 211 GRAECA

832 295 926 342 183

169 384 266 423 Sch.
291 385 347 423 Il.
373 386 435 424 14.
458 385 533 423 :241
558 383 824 435 [ἐπισχοίης]·
858 387 916 434 τῷ
937 383 979 422 δὲ
1001 382 1228 436 χαρέκτηρι
1248 384 1472 435 γενόμενον
1493 385 1629 435 ὅμοιον

115 442 173 489 τῷ
194 439 294 486 ιὀίην
316 441 379 478 καὶ

741 501 1012 570 ἀὙαὙοίην

112 609 216 661 παρὰ
238 611 397 659 Σαπφοῖ
427 640 433 647 .
472 640 478 647 .
517 640 525 647 .
563 607 730 648 εἰκότως
753 607 1027 658 ἐβαρυτονήθη
1048 609 1096 648 τὸ
1119 610 1346 660 ἐπισχοίης.

840 826 934 874 184

170 910 321 951 Choer.
351 912 495 951 Gram.
525 913 595 951 Gr.
623 914 661 950 4.
690 913 723 951 1.
750 913 831 954 270
858 913 997 952 Lentz
1021 914 1077 962 [π.
1103 915 1185 951 τῶν
1215 911 1271 951 εἷς
1303 927 1348 951 υν
1377 910 1625 962 ληγόντων]-

161 998 169 1005 .
206 998 213 1004 .
251 966 396 1014 κίνδυν,
424 966 614 1014 κίνδυνος,
643 966 816 1006 κίνδυνοι·
851 969 977 1007 οὕτως
1008 968 1050 1006 δὲ
1072 966 1150 1018 ἔφη
1172 969 1322 1019 Σαπφὼ
1352 968 1400 1006 τὸ
1431 967 1624 1008 κίνδυνος·

118 1023 137 1059 ὁ
158 1023 259 1071 ’γοῦν
279 1022 466 1061 Ἀλκαῖος
487 1023 563 1069 τὴν
585 1023 750 1069 δοτικὴν
771 1023 849 1074 ἔφη
870 1024 919 1062 τὸ
941 1022 1128 1062 κίνδυνι.1

832 1168 924 1216 185

171 1255 272 1296 -J0h.
299 1256 428 1297 AleX.
455 1259 600 1297 (iram.
625 1259 698 1297 [ἐν.
721 1260 759 1297 4.
785 1258 837 1297 30
859 1257 991 1297 Dind.
1016 1257 1040 1305 ἡ
1064 1257 1173 1308 ὀξεῖα
1202 1256 1226 1304 ἢ
1259 1257 1302 1295 ἐν
1330 1254 1443 1297 τέλει
1473 1256 1627 1297 τίθεται

119 1311 142 1357 ἢ
166 1313 240 1363 πρὸ
259 1314 351 1361 μιᾶς
372 1315 446 1351 τοῦ
467 1313 614 1352 τέλους
636 1313 660 1360 ἢ
682 1314 758 1363 πρὸ
780 1313 862 1361 δύο,
887 1314 963 1364 πρὸ
984 1316 1103 1364 τριῶν
1125 1315 1157 1351 δ’
1175 1312 1324 1351 οὐκέτι·
1357 1313 1405 1352 τὸ
1424 1313 1503 1365 ’γὰρ

766 1398 988 1466 Μήδεϊα

119 1503 221 1554 παρὰ
242 1507 400 1555 Σαπφοῖ
418 1506 613 1544 πεπονθὸς
635 1502 941 1556 παραιτούμεθα,
968 1504 1030 1542 ὅτι
1051 1503 1128 1551 τὴν
1149 1520 1182 1542 ει
1203 1502 1427 1556 δίφθογγον
1447 1505 1607 1543 διεῖλεν.

825 1710 918 1758 186

174 1798 316 1838 Cram.
367 1799 475 1838 A.O.
527 1799 562 1836 1.
602 1799 696 1840 278.
742 1800 789 1841 17
848 1800 911 1838 καὶ
950 1798 975 1846 ἦ
1021 1800 1163 1849 ’γενικὴ
1216 1803 1298 1839 τῶν
1347 1804 1630 1848 πληθυντικῶν

122 1853 308 1893 Μουσείων
336 1855 440 1905 παρὰ
468 1852 644 1902 Λάκωσι,
679 1856 783 1903 παρὰ
814 1853 855 1892 δὲ
887 1857 1047 1905 Σαπφοῖ

740 1931 800 1980 Μ
807 1928 1012 1982 οισάων

179 2161 344 2213 Phryn.
368 2162 447 2203 273
471 2162 563 2211 (361
588 2160 749 2211 Ruth.)
837 2095 927 2144 187

780 2215 975 2286 νίτρον·

123 2313 247 2349 τοῦτο
276 2310 442 2349 Αἰολεὺς
473 2309 546 2358 μὲν
575 2311 623 2350 ἂν
652 2312 767 2359 εἴποι,
794 2312 928 2361 ὥσπερ
958 2309 1028 2349 οὖν
1057 2311 1120 2349 καὶ
1152 2310 1176 2358 ἦ
1209 2312 1372 2362 Σαπφώ,
1398 2313 1460 2351 διὰ
1490 2314 1564 2351 τοῦ
1585 2328 1620 2361 ν,

126 2368 328 2411 Ἀθηναῖος
350 2365 391 2404 δὲ
414 2366 476 2403 διὰ
496 2367 568 2403 τοῦ
590 2373 617 2403 λ
639 2364 791 2417 λίτρον.

181 2491 194 2515 ¹
225 2492 287 2530 E:
320 2505 407 2531 mss
428 2508 462 2531 κ.
491 2508 525 2532 κ.
553 2509 588 2533 κ.
616 2495 666 2534 ὡς
686 2495 749 2533 καὶ
773 2499 813 2536 Σ.
834 2493 911 2545 ἔφη
933 2494 1005 2532 τὸν
1026 2493 1187 2534 κίνδυνα
1208 2494 1274 2544 (or
1294 2493 1428 2534 κίνδυν
1448 2493 1627 2535 κίνδυνος

129 2548 252 2586 οὕτως
275 2547 317 2585 δὲ
340 2547 417 2598 ἔφη
439 2555 479 2589 Σ.
506 2550 579 2587 τὸν
601 2548 797 2596 κίνδυνον)
830 2579 838 2587 .
876 2579 886 2588 .
920 2579 929 2588 .
965 2551 1024 2599 τῷ
1045 2549 1193 2588 κίνδυνι

132 2640 227 2684 304
