1704 2937
676 223 862 270 LYRA
912 224 1192 271 GRAECA

865 358 925 404 51
953 356 1000 404 A

231 442 355 483 Eust.
386 445 458 483 Od.
487 445 603 486 1687.
631 445 684 483 52
741 445 815 483 τὸν
838 443 1037 495 ἐφιάλτην

793 520 1069 572 ἐπιάλταν

175 613 277 651 κατὰ
298 614 472 652 παλαιὰν
491 613 819 664 παρασημείωσιν
840 616 859 651 ὁ
882 614 1069 653 Ἀλκαῖος
1090 612 1219 663 λέγει.

884 747 946 794 52

230 833 294 874 Id.
322 834 415 873 314.
438 835 488 872 43
514 834 588 881 (Il.
611 833 651 873 2.
675 834 770 882 654)
829 836 1015 873 Ἀλκαῖος
1039 833 1094 881 δέ,
1121 832 1236 883 φασί,
1260 833 1323 872 καὶ
1346 831 1597 885 Ἀρχίλοχος

791 908 1075 980 ἀγέρωχον

174 1004 248 1044 τὸν
268 1003 447 1052 ἄκοσμον
468 1003 531 1042 καὶ
555 1001 731 1051 ἀλαζόνα
752 1002 844 1042 οἶδε.

633 1114 699 1194 Ι53
769 1144 882 1206 πρὸς
906 1144 1140 1191 Πιττακόν
1155 1141 1221 1207 (Ρ)

230 1241 373 1294 Heph.
400 1244 451 1282 (58
473 1243 532 1291 [π.
556 1243 712 1282 ι’ωνικοῦ
737 1244 811 1280 τοῦ
832 1242 910 1281 ἀπὸ
932 1240 1141 1292 μείζονος-Τ
1171 1241 1255 1280 ἔνια
1275 1239 1316 1279 δὲ
1340 1240 1438 1288 (τῶν
1457 1238 1679 1293 τριμέτρων

176 1298 488 1346 ἀκαταλήκτων)
512 1300 557 1336 ἐκ
577 1300 669 1346 μιᾶς
691 1299 848 1344 ἶωνικῆς
869 1299 933 1336 καὶ
956 1297 1024 1336 δύο
1044 1299 1276 1349 τροχαῖκῶν
1296 1294 1392 1334 οἷον·

249 1396 647 1465 Τριβόλλετερ·
674 1396 689 1425 1
720 1395 780 1447 οὐ
807 1393 914 1464 «γὰρ
941 1393 1281 1464 Ἀρκάδεσσι
1307 1392 1474 1456 λώβα
1517 1435 1526 1443 .

896 1619 959 1668 54

231 1709 399 1746 Artem.
428 1708 543 1759 ὀνειρ,
570 1708 610 1746 2.
630 1707 682 1745 :25
738 1705 889 1752 ταύτης
910 1707 988 1758 γὰρ
1009 1706 1099 1755 (τῆς
1128 1703 1259 1758 δρυός)
1278 1706 1351 1745 τὸν
1371 1706 1523 1757 καρπὸν
1544 1706 1684 1753 ἤσθιον

177 1764 211 1801 οἱ
233 1762 431 1814 Ἀρκάδες·
466 1764 529 1802 καὶ
554 1765 573 1800 ὁ
595 1760 781 1802 Ἀλκαῖός
803 1770 917 1812 φησι·

607 1836 876 1907 ’Άρκαδες
905 1836 1080 1889 ἕσσαν
1105 1836 1525 1905 βαλανήφαγοι.

902 2001 964 2048 55

231 2087 375 2139 Apoll.
401 2088 526 2126 Pron.
558 2088 647 2126 105.
671 2087 718 2125 31
780 2086 804 2133 ἡ
835 2084 926 2125 τεός
958 2085 1117 2136 Δωρικὴ
1146 2086 1197 2136 τῇ
1229 2083 1300 2124 σός
1331 2086 1533 2134 ὃμωνυμεῖ
1560 2115 1568 2123 .
1606 2115 1614 2124 .
1651 2101 1680 2124 .-

178 2145 240 2182 καὶ
272 2145 362 2194 παρ’
383 2143 610 2182 Αἰολεῦσιν·
644 2144 832 2180 Ἀλκαῖος
856 2143 898 2179 ἐν
918 2141 1073 2192 πρώτῳ·
1108 2140 1209 2189 (12)·
1243 2139 1321 2178 καί·

299 2234 430 2301 οἴκῳ
456 2254 515 2284 τε
541 2231 645 2302 πὲρ
674 2233 755 2300 σῷ
783 2231 877 2283 καὶ
905 2229 1008 2299 πὲρ
1039 2227 1281 2295 ἀτιμίαις

179 2343 198 2378 ὁ
220 2327 339 2378 αὐτος
361 2342 476 2387 κοινῷ
500 2337 589 2377 ἔθει.

232 2498 249 2523 ²
280 2513 366 2538 mss
400 2499 547 2550 Heph.
588 2502 775 2549 τριβωλ.,
809 2497 962 2537 Choer.
998 2499 1159 2548 τριβολ.
1189 2494 1355 2547 adding
1384 2494 1475 2535 ἔστι
1505 2494 1548 2533 δὲ
1580 2493 1682 2534 εἶδος

179 2554 378 2601 attinens:
414 2553 448 2592 if
477 2554 515 2592 it
539 2566 653 2591 were
683 2558 760 2603 τρῖ.
787 2551 932 2603 Heph.
956 2549 1102 2590 would
1133 2550 1244 2589 have
1274 2549 1506 2589 remarked
1535 2549 1589 2597 it,
1621 2548 1676 2590 ef.

180 2608 292 2648 Ibid.
320 2609 372 2651 70
392 2625 400 2648 ;
432 2607 509 2646 did
530 2611 651 2659 τρῖβη
669 2625 711 2640 =
732 2606 894 2646 thorn?

182 2699 277 2746 354
