1704 2937
599 247 785 294 LYRA
836 248 1116 296 GRAECA

121 379 223 433 κᾶν
253 378 359 432 ὑπὸ
387 377 766 467 Ἱππώνακτος
791 378 1043 446 λε’Ύηται,
1072 375 1342 449 χαρίεντά
1369 378 1488 430 ἐστι
1515 375 1611 429 καὶ

106 450 242 506 αὐτὸ
271 451 463 520 ιλαρὸν
493 451 553 506 τὸ
589 456 820 519 πρᾶγμα
857 453 918 519 ἐξ
955 452 1165 504 ἑαυτοῦ·
1195 450 1362 507 οὐδεὶς
1400 449 1507 521 ιγὰρ
1545 448 1611 502 ἂν

106 524 396 596 ὑμέναιον
379 524 501 578 ἅδοι
524 523 879 593 ὀργιζόμενος,
899 524 1019 576 οὐδὲ
1047 522 1140 576 τὸν
1157 523 1380 593 ’Έρωτα
1400 521 1612 594 Ἐρινὺν

108 598 392 666 ποιήσειεν
419 602 484 668 τῇ
523 596 776 671 ἑρμηνεία
819 621 848 664 η
887 596 1150 665 Γίγαντα,
1180 595 1302 650 οὐδὲ
1341 594 1402 649 τὸ
1441 597 1613 665 «γελᾶν

108 673 338 725 κλαίειν.

184 770 322 815 Him.
355 767 434 815 Or.
476 769 516 815 1.
559 769 587 814 4
660 765 878 817 Οὐκοῦν
907 762 1020 833 ὥρα
1049 763 1139 816 καὶ
1168 766 1311 831 ἡμῖν,
1336 761 1376 816 ὦ
1403 761 1613 822 παῖδες,

110 836 227 891 ἐπεὶ
271 836 365 889 καὶ
409 835 507 893 τὰς
554 837 815 930 ημετερας
863 841 1140 904 καλοῦμεν
1193 835 1427 892 λἸούσας
1478 833 1615 903 πρὸς

109 909 384 980 ιγαμήλιον
411 907 578 979 χόρον
619 911 712 964 καὶ
752 911 942 981 ἔρωτα,
973 911 1180 962 ἀνεῖναι
1219 932 1316 975 την
1350 906 1616 979 ἁρμονίαν

110 983 209 1050 τὴν
249 981 527 1043 σύντονον,
560 981 621 1034 ι”ν
649 983 763 1051 ἅμα
801 982 939 1051 μετὰ
978 983 1265 1052 παρθένων
1297 981 1382 1035 ἐπ’
1410 981 1613 1071 Ἀφρο-

113 1056 232 1126 δίτῃ
260 1054 627 1126 χορεύσωμεν.
705 1056 788 1109 ὅτι
816 1056 871 1109 δὲ
909 1055 1081 1124 μέγας
1116 1053 1141 1107 ὁ
1170 1055 1413 1112 κίνδυνος
1441 1058 1615 1110 οὕτως

113 1130 336 1181 ἁπαλὸν
386 1128 578 1218 μέλος
605 1128 777 1195 εὑρεῖν
830 1131 896 1185 ὡς
951 1127 1048 1194 τὴν
1098 1126 1221 1181 θεὸν
1276 1127 1475 1198 ἀρεσαι
1539 1130 1614 1196 τῷ

111 1202 284 1271 μέλει,
333 1200 461 1270 παρ’
515 1201 695 1253 αὐτῶν
741 1205 983 1266 ποιητῶν
1036 1201 1333 1268 μανθάνειν
1383 1200 1615 1269 ἔξεστιν,

113 1274 286 1327 <ὧν>
303 1273 353 1326 οἱ
373 1271 598 1330 πλείους
617 1273 770 1339 οἶμαι
797 1274 957 1327 δεινοὶ
981 1273 1049 1326 τὰ
1071 1273 1304 1343 ἐρωτικὰ
1325 1272 1615 1341 νγενόμενοι,

115 1345 260 1400 κατὰ
285 1346 383 1412 μὲν
407 1345 619 1412 ἠϊθέους
641 1347 735 1399 καὶ
764 1345 1068 1413 παρθενους
1096 1345 1616 1438 ἐπίτολμώσαντες1

117 1420 214 1487 τὴν
239 1418 427 1488 ‘'Hpav
464 1418 688 1487 ἔδειξαν,
719 1418 786 1471 τὰ
827 1420 882 1471 δὲ
920 1418 1254 1490 Ἀφροδίτης
1292 1420 1451 1489 ὄργια
1482 1416 1618 1488 μόνῃ

117 1497 374 1560 παρῆκαν
401 1495 466 1561 τῇ
486 1491 710 1564 Λεσβία
737 1492 966 1562 Σαπφοῖ
991 1515 1079 1544 και
1110 1491 1258 1545 ἅδειν
1284 1492 1422 1561 πρὸς
1445 1490 1620 1584 λύραν

117 1566 209 1619 καὶ
236 1569 413 1617 ποιεῖν
440 1563 532 1617 τὸν
559 1548 946 1632 ἐπιθαλάμιον.
955 1565 974 1596 ²
1049 1565 1081 1630 ἣ
1113 1565 1202 1618 καὶ
1231 1563 1456 1632 εἰσῆλθε
1481 1561 1619 1632 μετὰ

117 1659 242 1694 τους
288 1638 502 1704 ἀγῶνας
550 1636 622 1694 εἰς
670 1637 939 1705 θάλαμον,
989 1637 1184 1690 πλέκει
1224 1636 1510 1697 παστάδα,
1557 1636 1620 1690 τὸ

114 1710 283 1782 λέχος
324 1709 650 1779 στρώννυσι,
694 1710 898 1779 ἀγείρει
938 1710 1240 1779 παρθενους
1280 1710 1454 1767 <εἰς>
1493 1731 1618 1777 νυμ-

116 1787 285 1854 φεῖον,
328 1782 447 1850 ἄγει
488 1784 581 1834 καὶ
621 1782 952 1852 Ἀφροδίτην
993 1782 1074 1852 ἐφ’
1119 1783 1323 1854 ἅρματι
1374 1781 1619 1871 χαρίτων

117 1855 211 1908 καὶ
255 1855 422 1925 χόρον
469 1854 719 1924 Ἐρώτων
767 1856 1061 1924 συμπαίστ
1067 1873 1181 1923 ορα·
1237 1856 1333 1908 καὶ
1379 1876 1474 1922 της
1523 1854 1620 1919 μὲν

119 1926 357 1997 ὑακινθῳ
389 1927 483 1984 τὰς
511 1927 684 1995 κόμας
713 1928 1025 1998 σφίγξασα,
1049 1928 1199 1995 πλην
1226 1929 1354 1981 ὅσαι
1381 1927 1617 1997 μετώπῳ

115 2000 441 2071 μερίζονται,
462 1998 557 2056 τὰς
583 1999 786 2057 λοιπὰς
815 2005 932 2057 ταῖς
961 2003 1153 2070 αὔραις
1176 2002 1385 2071 ἀφῆκεν
1415 2002 1618 2053 ὑποκυ-

119 2073 328 2142 μαίνειν
360 2097 390 2141 ῃ
423 2072 733 2126 πνεύσαιεν·
754 2074 775 2104 3
816 2077 924 2126 τῶν
963 2074 1018 2126 δὲ
1058 2073 1127 2126 τὰ
1163 2073 1340 2144 πτέρα
1375 2073 1467 2126 καὶ
1495 2072 1621 2130 τοὺς

118 2145 471 2216 βοστρύχους
516 2148 711 2216 χρυσῷ
758 2146 1098 2214 κοσμήσασα
1141 2145 1249 2215 πρὸ
1295 2149 1392 2199 τοῦ
1427 2144 1621 2216 δίφρου

119 2217 345 2272 σπεύδει
385 2218 772 2286 πομπεύοντας
807 2220 898 2271 καὶ
929 2219 1064 2271 δᾶδα
1106 2222 1390 2276 κινοῦντας
1424 2218 1619 2289 μετάρ-

121 2314 259 2346 σιον.

192 2386 328 2432 Anile.
359 2385 465 2432 Pal.
495 2386 537 2431 9.
571 2386 662 2431 189
737 2379 946 2445 ἄδηλον
973 2379 1045 2437 εἰς
1072 2379 1288 2451 Σαπφὼ
1317 2378 1415 2447 τὴν
1443 2381 1621 2432 Μυτι-

118 2453 352 2520 ληναίαν
378 2452 689 2520 μελοποιόν·

176 2597 192 2622 ¹
220 2612 308 2638 mss
346 2598 488 2645 ἠιθέων
528 2615 563 2638 κ.
606 2597 809 2651 παρθένων
848 2599 1134 2647 ἐπιτολμῶσαν
1273 2596 1289 2620 ²
1322 2610 1406 2636 mss
1445 2594 1624 2646 θάλαμον

117 2653 134 2677 ⁸
166 2667 252 2693 mss
274 2654 308 2692 εἴ
328 2654 550 2700 πλήττοιεν

128 2745 220 2788 174
