1704 2937
651 218 837 264 LYRA
889 217 1168 264 GRAECA

153 372 253 414 σης
282 347 633 409 ἀποδιδόασι,
664 349 724 402 τό
754 372 812 402 τε
840 355 933 415 τῆς
961 348 1222 419 ἁρμονίας
1249 351 1400 417 γένος
1428 352 1662 421 ἐξευρεῖν

154 435 308 498 φασι,
338 429 429 481 καὶ
458 433 564 481 τῶν
599 430 821 498 ῥυθμῶν
859 427 951 481 τόν
989 452 1046 482 τε
1077 429 1454 499 προσοδιακὸν
1480 431 1535 483 ἐν
1563 431 1605 501 ᾧ
1632 431 1659 484 ὁ

151 514 247 563 τοῦ
298 509 500 578 Ἀρέως
558 508 732 576 νόμος,
786 510 876 561 καὶ
941 508 1034 561 τὸν
1097 514 1317 580 χορεῖον
1368 509 1408 580 ᾧ
1460 515 1659 581 πολλῷ

150 588 417 659 κέχρηται
446 590 499 641 ἐν
540 593 650 645 τοῖς
680 589 990 659 λ’Ῑητρῳοις·
1034 588 1161 641 ἔνιοι
1191 588 1246 641 δὲ
1278 589 1368 642 καὶ
1396 589 1489 642 τὸν
1515 592 1658 654 βακ-

149 673 301 740 χεῖον
356 669 651 736 ’Όλυμπον
717 671 924 722 οἴονται
990 667 1286 738 εὑρηκέναι.
1390 669 1553 735 δηλοῖ
1614 669 1657 722 δ’

150 749 386 801 ἕκαστον
414 752 521 800 τῶν
549 747 797 819 ἀρχαίων
822 751 1004 817 μελῶν
1031 748 1116 800 ὅτι
1144 749 1298 801 ταῦθ’
1327 747 1497 806 οὕτως
1525 749 1656 821 ἔχει.

226 848 355 893 Plu'c.
377 847 501 893 filus.
524 848 585 893 33
628 841 740 893 οἷον
769 839 1044 909 Ὀλύμπῳ
1073 838 1134 893 τὸ
1163 839 1480 910 ἐναρμόνιον
1505 841 1658 910 γένος

150 922 240 974 ἐπὶ
271 921 514 990 Φρυγίου
543 920 701 974 τόνου
729 921 881 975 τεθὲν
914 920 1115 973 παίωνι
1151 920 1404 990 ἐπιβάτῳ
1440 920 1656 992 μιχθέν·

149 1005 310 1053 τοῦτο
348 1001 452 1068 γὰρ
496 1006 590 1068 τῆς
629 1002 807 1070 ἀρχῆς
849 999 910 1051 τὸ
950 1001 1079 1066 ἦθος
1119 998 1402 1067 ἐγέννησεν
1447 1001 1541 1054 ἐπὶ
1580 1007 1654 1072 τῷ

147 1086 241 1146 τῆς
286 1081 523 1145 Ἀθηνᾶς
577 1085 735 1151 νόμῳ·
834 1079 1294 1150 προσληφθείσης
1344 1079 1452 1150 γὰρ
1495 1088 1655 1148 μελο-

148 1163 332 1217 ποιιάς
351 1161 442 1213 καὶ
459 1161 823 1230 ῥυθμοποιίας
852 1163 1115 1230 τεχνικῶς
1138 1159 1192 1212 δὲ
1208 1160 1657 1230 μεταληφθέντος

148 1246 245 1294 τοῦ
285 1242 494 1311 ῥυθμοῦ
534 1239 694 1309 μόνον
736 1242 904 1292 αὐτοῦ
945 1240 1036 1291 καὶ
1069 1238 1357 1307 γενομένου
1389 1241 1659 1312 τροχαίου

149 1322 268 1374 ἀντὶ
313 1320 566 1381 παίωνος,
613 1320 851 1386 συνέστη
899 1318 959 1371 τὸ
999 1319 1292 1387 Ὀλύμπου
1345 1319 1656 1389 ἐναρμόνιον

146 1402 313 1470 γένος.

221 1503 346 1550 lbid.
382 1504 439 1548 18
481 1497 573 1548 καὶ
611 1495 660 1548 οἶ
696 1493 934 1546 παλαιοὶ
969 1493 1024 1550 δὲ
1059 1493 1260 1551 πάντες
1286 1494 1384 1547 οὐκ
1413 1493 1651 1566 ἀπείρως

148 1577 364 1647 ἔχοντες
409 1579 609 1629 πασῶν
648 1577 755 1626 τῶν
803 1574 1074 1642 ἁρμονιῶν
1115 1572 1279 1630 ἐνίαις
1323 1575 1654 1645 ἐχρήσαντο·

149 1659 208 1709 οὐ
247 1655 356 1726 γὰρ
394 1659 424 1723 ἡ
467 1656 661 1722 ἄγνοια
708 1659 802 1719 τῆς
848 1652 1103 1719 τοιαύτης
1150 1653 1523 1726 στενοχωρίας
1562 1655 1655 1709 καὶ

149 1736 533 1807 ὀλιγοχορδίας
598 1735 783 1789 αὐτοῖς
849 1732 998 1785 αἰτία
1052 1732 1356 1802 γεγένηται·
1412 1733 1534 1787 οὐδὲ
1587 1733 1652 1787 δι’

147 1816 373 1884 ἄγνοιαν
401 1817 450 1869 οἱ
485 1816 608 1885 περὶ
645 1813 945 1881 ”()λυμπον
987 1814 1077 1866 καὶ
1107 1812 1454 1883 Τέρπανδρον
1481 1814 1577 1867 καὶ
1604 1813 1658 1866 οἱ

146 1897 624 1963 ἀκολουθήσαντες
664 1898 729 1961 τῇ
763 1893 969 1946 τούτων
1007 1893 1328 1963 προαιρέσει
1373 1899 1654 1964 περιεῖλον

148 1977 246 2044 τὴν
310 1975 690 2049 πολυχορδίαν
746 1997 804 2026 τε
862 1974 953 2025 καὶ
1010 1973 1312 2026 ποικιλίαν·
1385 1980 1655 2046 μαρτυρεῖ

144 2061 274 2124 γοῦν
316 2057 384 2108 τὰ
415 2055 712 2120 Ὀλύμπου
754 2076 811 2106 τε
848 2054 940 2106 καὶ
975 2052 1326 2123 Τερπάνδρου
1365 2054 1650 2122 ποιήματα

145 2136 238 2188 καὶ
285 2141 392 2188 τῶν
439 2135 650 2189 τούτοις
706 2131 1081 2200 ὁμοιοτρόπων
1131 2133 1370 2186 πάντων.
1467 2132 1649 2202 ὀλιγό-

143 2215 318 2286 χορδα
340 2216 359 2246 1
387 2216 494 2284 γὰρ
523 2216 653 2266 ὄντα
677 2213 769 2265 καὶ
798 2213 955 2263 ἁπλᾶ
979 2211 1224 2282 διαφέρει
1253 2215 1361 2265 τῶν
1382 2211 1653 2266 ποικίλων

144 2295 238 2346 καὶ
268 2293 650 2366 πολυχόρδων,
672 2295 739 2349 ῶς
766 2291 968 2358 μηδένα
998 2291 1267 2344 δύνασθαι
1292 2291 1648 2360 μιμήσασθαι

146 2374 239 2426 τὸν
278 2373 567 2441 Ὀλύμπου
607 2371 828 2440 τρόπον,
859 2369 1156 2440 ὑστερίζειν
1197 2370 1252 2424 δὲ
1292 2371 1488 2424 τούτου
1526 2371 1649 2428 τοὺς

144 2455 200 2505 ἐν
264 2457 337 2521 τῷ
403 2449 735 2522 πολυχόρδῳ
801 2472 859 2502 τε
923 2450 1014 2502 καὶ
1078 2449 1415 2521 πολυτρόπῳ
1480 2474 1644 2504 κατα-

145 2532 504 2599 γιγνομένους.

573 2618 587 2640 ¹
620 2617 895 2659 Volkmann:
929 2630 1015 2655 mss
1035 2616 1228 2670 τρίχορδα

149 2698 172 2715 (1

147 2717 174 2741 O
