1704 2937
658 604 1172 655 ΤΕΡΠΑΝΔΡΟΤ

852 762 979 820 Βίος

235 907 353 953 Am
397 908 468 952 14.
508 907 603 952 655
639 905 671 951 d
754 900 940 965 ἀγνοεῖ
990 898 1113 951 δ’ὁ
1168 899 1532 957 Ποσειδώνιος
1584 901 1669 956 ὅτι

160 977 397 1046 ιιρχαῖον
426 975 576 1027 ἐστιν
603 975 836 1042 ὄργανον
860 997 889 1038 η
911 972 1148 1039 μάγαδις
1170 976 1365 1043 σαφῶς·
1388 974 1666 1045 Πινδάρου

160 1049 415 1116 λέγοντος
455 1047 546 1100 τὸν
586 1044 936 1115 Γέρπανδοον
972 1044 1346 1114 ἀντίφθογγον
1385 1047 1557 1113 εὑρεῖν
1597 1053 1665 1117 τῇ

159 1122 312 1190 παρὰ
335 1120 535 1177 Χυδοῖς
559 1118 786 1185 πηκτίδι
805 1116 1312 1187 τὸνβιίρβιτον(ᾒ.
1337 1122 1483 1187 125)·
1529 1118 1669 1173 Τόν

158 1195 230 1264 ῥα
266 1191 613 1262 Τέρπανδρός
656 1191 837 1244 ’1-0θό
876 1190 1120 1254 Λέσβιος
1155 1191 1290 1258 εὗρε,
1326 1191 1331 1262 Ι
1369 1195 1585 1262 πρῶτος
1612 1194 1667 1246 ἐν

161 1266 433 1319 δείπνοισι
474 1265 667 1318 Λυδῶν
703 1264 708 1333 Ι
743 1264 978 1334 ψαλμὸν
1025 1263 1394 1354 αντίφθογγον
1440 1265 1667 1334 ὑψηλᾶς

160 1341 373 1392 ἀκουῶν
401 1337 702 1403 πηκτίδος.’
769 1337 968 1401 πηκτὶς
998 1335 1052 1389 δὲ
1080 1338 1175 1390 καὶ
1202 1338 1440 1425 μάγαδις
1468 1337 1666 1392 ταύτόν

272 1455 282 1465 .
323 1413 407 1464 ὅτι
454 1412 509 1464 δὲ
561 1411 652 1463 καὶ
703 1410 1049 1479 Γέρπανδρος
1091 1409 1458 1500 αρχαιότερος
1502 1409 1662 1464 Ἀνα-

160 1484 407 1553 κρέοντος
454 1485 622 1550 δηλον
668 1484 727 1534 ἐκ
775 1483 998 1535 τούτων·
1045 1480 1113 1534 τὰ
1160 1484 1402 1552 Κάρνεια
1448 1487 1666 1554 πρῶτος

160 1558 382 1611 πάντων
421 1555 766 1626 Ἱέρπανδρος
808 1560 948 1628 νικᾶ,
989 1557 1057 1612 ὡς
1090 1555 1419 1613 (Ελλάνικος
1458 1556 1669 1624 ιστορεῖ

161 1632 214 1683 ἔν
242 1654 299 1682 τε
328 1634 438 1687 τοῖς
468 1629 748 1697 ἐμμέτροις
779 1612 1172 1697 Καρνεονίκαις
1205 1628 1307 1681 κάν
1343 1634 1457 1686 τοῖς
1494 1652 1663 1683 κατα-

159 1703 418 1771 λογάδην.
497 1701 710 1768 γε’ένετο
740 1701 795 1752 δὲ
832 1726 860 1767 η
890 1700 1039 1757 θεσις
1073 1704 1179 1753 τῶν
1218 1700 1494 1788 Καρνείων
1523 1703 1665 1755 κατὰ

163 1776 262 1843 τὴν
289 1777 449 1840 ἕκτηι
477 1776 568 1827 καὶ
598 1773 851 1839 εἰκοστὴν
879 1773 1256 1841 Ὀλυμπιάδα,
1289 1775 1356 1830 ὡς
1389 1770 1667 1837 Σωσίβιός

159 1854 332 1918 φησιν
384 1851 439 1901 ἐν
491 1853 565 1917 τῷ
620 1848 755 1916 Περὶ
815 1846 1055 1934 Χρόνων.
1144 1845 1460 1916 Ἱερωνυμος
1512 1847 1556 1899 δ’
1608 1851 1663 1902 ἐν

161 1927 234 1991 τῷ
288 1921 427 1989 Περὶ
481 1920 832 1990 Κιθαρῳδῶν,
877 1919 1009 1987 ὅπερ
1050 1919 1171 1972 ἐστὶ
1223 1919 1475 1987 πέμπτον
1528 1921 1665 2007 Περὶ

159 1997 433 2058 Ποιητῶν,
487 2016 630 2045 κατα
692 1996 1013 2059 Λυκοῦργον
1075 1991 1168 2045 τὸν
1221 1991 1518 2059 νομοθετην
1570 1996 1664 2046 τὸν

159 2065 511 2136 Γέρπανδρόν
581 2071 721 2136 φησι
792 2065 1069 2132 γενέσθαι,
1138 2064 1194 2121 ὃς
1265 2065 1370 2117 ὑπὸ
1439 2066 1664 2119 πάντων

161 2139 466 2229 συμφώνως
511 2138 813 2208 ιστορεῖται
853 2161 991 2205 μετα
1032 2135 1243 2225 Ἰφίτου
1294 2141 1392 2190 τοῦ
1436 2136 1663 2192 Ἠλείου

160 2212 257 2279 τὴν
311 2211 535 2279 πρώτην
593 2211 920 2279 α’ριθμεῖσαν
968 2213 1073 2263 τῶν
1125 2208 1456 2278 Ὀλυμπίων
1509 2210 1662 2264 θέσιν

161 2285 439 2337 διαθεῖναι.

233 2386 355 2432 Mar.
398 2386 499 2431 P··.u
541 2387 603 2431 34
681 2377 776 2465 ἀφ’
818 2377 879 2430 οὗ
917 2376 1293 2467 Τέρπανδρος
1305 2375 1332 2429 ὁ
1371 2376 1660 2448 Δερδενεος

159 2450 185 2505 ὁ
233 2453 475 2516 Λέσβιος
516 2452 639 2509 τοὺς
679 2450 871 2518 νόμους
915 2492 924 2503 .
971 2492 981 2503 .
1025 2452 1063 2502 .¹
1101 2450 1195 2502 καὶ
1238 2448 1337 2516 τὴν
1380 2450 1661 2521 ἔμπροσθε

204 2567 216 2593 ¹
257 2568 323 2608 f01
348 2568 473 2607 the
447 2582 530 2619 gap
551 2567 596 2606 of
624 2566 759 2605 »bont
789 2568 841 2606 30
871 2565 1026 2605 letters
1048 2565 1212 2618 (partly
1235 2563 1354 2604 filled
1383 2564 1442 2618 by
1464 2564 1637 2608 Selden'
1639 2579 1660 2606 s

158 2624 416 2674 transcript)
437 2638 506 2661 sce
526 2622 694 2674 <Jacoby
715 2622 872 2660 Marm.
895 2622 993 2661 Ιίιν.

162 2712 217 2756 16
