1704 2937
663 214 845 260 LYRA
896 215 1176 261 GRAECA

891 348 954 395 78

218 422 362 474 Apoll.
400 424 524 463 Pron.
555 425 620 463 95.
658 425 707 462 14
742 425 783 474 [ἡ
815 424 924 474 ἇμῶν
961 426 1067 477 παρὰ
1110 427 1341 478 Δωριεῦσι]·
1386 458 1393 466 .
1431 458 1440 466 .
1476 457 1485 466 .
1518 424 1666 476 ἁμέων·

161 478 305 525 ὁμοίως
324 478 501 519 Αἰολεῖς·
534 482 739 519 Ἀλκαῖος“

232 553 354 621 μηδ’
385 552 554 612 &viam
582 559 693 611 τοῖς
720 553 924 607 πλέαο·’
953 556 1175 629 ἀμμὲῳν
1194 558 1211 588 ¹
1230 556 1500 629 παρέχην.
1546 600 1556 610 .
1602 600 1610 609 .
1659 599 1667 608 .

219 785 332 826 Ibid.
360 788 424 827 96.
454 788 471 825 l
532 787 695 827 Αἰολεῖς
715 785 888 838 ὐμμέων.
950 790 1154 828 Ἀλκαῖος·

924 906 934 915 .
978 861 1181 920 ὅττινες
1208 863 1366 917 ἕσλοι

459 935 674 1003 ὐμμέων
704 959 760 989 τε
788 936 879 988 καὶ
908 935 1143 1005 ἀμμέων.

891 1077 954 1124 80

220 1151 376 1191 Zenob.
424 1153 627 1200 (Paroem.
667 1153 704 1192 ’2.
745 1155 837 1200 145)
898 1153 1052 1201 Πιτάνη
1085 1153 1183 1202 εἰμι’·
1227 1155 1329 1201 αὕτη
1361 1157 1452 1203 παρ’
1491 1153 1669 1204 Ἀλκαίῳ

170 1210 319 1246 κεῖται·
344 1207 515 1257 λέγεται
539 1207 581 1247 δὲ
604 1208 708 1247 κατὰ
723 1213 805 1247 τῶν
821 1212 988 1248 πυκναῖς
1010 1212 1235 1259 συμφοραῖς
1252 1207 1577 1260 περιπιπτόντων
1595 1208 1676 1259 ἅμα

167 1263 231 1301 καὶ
254 1262 500 1312 εὐπραγίαις·
531 1267 621 1314 παρ’
636 1263 734 1303 ὅσον
755 1265 818 1303 καὶ
841 1266 894 1317 τῇ
915 1263 1065 1316 Πιτάνῃ
1076 1266 1246 1303 τοιαῦτα
1262 1263 1418 1311 συνέβη
1431 1263 1662 1314 πράγματα,

168 1316 220 1355 ὧν
259 1317 323 1355 καὶ
363 1317 603 1358 Ἑλλάνικος
640 1319 854 1367 μέμνηται·
905 1321 1006 1370 φησὶ
1038 1319 1116 1370 γὰρ
1155 1319 1281 1365 αὐτὴν
1321 1320 1396 1358 ὑπὸ
1437 1323 1668 1370 Πελασγῶν

169 1373 529 1423 ἀνδραποδισθῆναι
551 1374 613 1413 καὶ
635 1374 760 1414 πάλιν
783 1375 858 1413 ὑπὸ
877 1375 1114 1425 Ἐρυθραίων
1136 1376 1465 1425 ἐλευθερωθῆναι.

374 1480 445 1516 eff.
493 1491 503 1501 .
586 1492 594 1501 .
678 1493 687 1502 .
766 1493 774 1503 .
856 1450 1076 1502 Πιτάνα
1103 1448 1146 1501 δ’
1174 1447 1300 1517 ἕμμι
1341 1491 1351 1502 .
1398 1491 1407 1502 .
1453 1491 1463 1501 .

900 1695 961 1747 Ε,

905 1966 962 2019 Sl

227 2142 324 2183 Soh.
350 2142 476 2183 Pind.
504 2145 540 2184 I.
564 2144 601 2182 2.
632 2145 678 2184 lT
702 2144 768 2192 [τὸ
789 2142 1003 2192 τὨργείου
1025 2140 1199 2193 φυλάξαι
1225 2140 1229 2193 Ι
1257 2143 1350 2193 ῥῆμ’
1371 2139 1561 2180 ἀλαθείας
1582 2142 1678 2180 ἐτᾶς

175 2198 362 2248 ἄγχιστα
381 2202 535 2246 βαῖνον,
568 2199 572 2247 I
603 2198 822 2250 (Χρήματα
844 2197 1020 2249 χρήματ’
1042 2196 1151 2249 ἀνήρ’
1177 2198 1222 2237 ὃς
1253 2199 1309 2247 φᾶ
1339 2195 1518 2235 κτεάνων
1538 2197 1570 2233 θ’
1599 2195 1682 2244 ἅμα

177 2254 354 2304 λειφθεὶς
382 2255 444 2293 καὶ
468 2254 630 2305 φίλων]·
662 2257 784 2293 τοῦτο
805 2252 1080 2305 ἀναγράφεται
1107 2251 1182 2302 μὲν
1202 2253 1256 2291 εἷς
1280 2251 1353 2292 τὰς
1381 2249 1592 2303 Παροιμῖας
1615 2249 1679 2288 ὑπ’

178 2308 303 2357 ἐνίων,
329 2309 573 2361 ἀπόφθεγμα
602 2308 648 2347 δέ
667 2311 779 2349 ἐστιν
799 2306 1088 2360 Ἀριστοδήμου
1118 2305 1293 2359 καθάπερ
1314 2306 1415 2358 φησὶ
1446 2304 1680 2358 Χρύσιππος

235 2474 247 2498 ¹
279 2477 340 2516 E:
382 2478 596 2518 Σπλείοσι
627 2476 679 2516 cf.
717 2477 843 2517 πλέας
876 2479 1003 2525 (acc.)
1038 2477 1093 2515 Il.
1133 2475 1172 2514 2.
1218 2475 1307 2522 129,
1351 2473 1500 2526 Mytil.
1540 2472 1677 2512 Inscr.

180 2530 339 2599 Cpllitz
362 2533 433 2571 Gr.
460 2533 574 2571 [Ναί.
605 2532 698 2571 213.
722 2533 823 2571 9-11
849 2547 856 2570 :
891 2545 976 2570 mss
1001 2547 1061 2570 τοι
1084 2539 1238 2570 σπλεας
1267 2531 1395 2578 ὑμεων
1417 2544 1426 2568 :
1458 2527 1578 2567 Hase
1598 2530 1684 2567 τοῖς

178 2595 301 2626 πελας
323 2587 360 2625 ἀ.

184 2694 277 2739 372
