1704 2937
586 205 773 251 LYRA
825 206 1106 253 GRAECA

165 344 398 392 philostr.
430 343 520 391 Vit.
550 344 644 406 Ap.
676 344 719 391 1.
748 342 811 388 30
889 335 1064 405 εἰσῄει
1090 336 1187 404 μὲν
1216 335 1280 403 δὴ
1308 335 1360 404 (ὁ
1389 337 1598 390 Ἀπολ-

93 412 308 478 λωνιος)
363 409 867 481 παραπεμπόμενος
920 408 1027 462 ὑπὸ
1094 408 1383 462 πλειόνων·
1448 411 1602 463 τουτὶ
1658 414 1660 417 ’

90 484 196 554 «γὰρ
234 485 403 536 ὤοντο
443 485 535 536 καὶ
575 485 648 551 τῷ
688 485 928 549 βασιλεῖ
964 481 1297 552 χαρίζεσθαι
1334 482 1603 550 μαθόντες

92 559 159 614 ὡς
187 556 375 628 χαίροι
416 556 717 625 ἀφιχμένῳ·
749 554 899 607 διιὼν
939 554 994 606 δὲ
1031 557 1081 610 ἐς
1121 553 1191 606 ’τὰ
1230 554 1504 620 βασίλεια
1540 557 1601 608 οὐ

91 630 398 699 διέβλεψεν
464 631 513 685 ἐς
580 629 730 681 οὐδὲν
797 630 904 680 τῶν
968 627 1412 695 θαυμαζομένων,
1471 629 1588 680 ἀλλ

93 702 281 769 ὥσπερ
324 701 627 771 ὁδοιπορῶν
674 700 812 769 διῄει
863 698 1024 760 αὐτὰ,
1078 702 1173 754 καὶ
1212 700 1458 758 καλέσας
1510 700 1603 754 τὸν

94 776 329 843 Δάμιν“
345 776 523 844 ”Ηρου
563 773 659 841 με’
702 770 846 841 ἔφη
867 773 1075 842 πρώην,
1105 773 1188 826 ὅτι
1222 775 1392 842 ὄνομα
1432 796 1497 839 ην
1536 778 1602 844 τῇ

95 849 396 917 Παμφύλῳ
447 847 665 914 γυναικὶ
719 846 750 911 ὴ
805 845 867 910 δὴ
923 843 1155 914 Σαπφοῖ
1214 869 1272 898 τε
1338 844 1605 914 ὁμιλῆσαι

95 921 321 988 λέγεται
361 921 455 972 καὶ
495 918 618 975 τοὺς
652 920 850 986 ὕμνους
887 919 978 975 οὓς
1014 919 1064 975 ἐς
1093 941 1193 982 την
1211 917 1477 988 ’Άρτεμιν
1505 919 1604 986 τὴν

99 992 378 1063 Περγαιάν
427 993 620 1045 ἅδουσι
668 991 947 1044 συνθεῖναι
986 990 1080 1043 τὸν
1121 990 1370 1044 Αιολέων
1412 1015 1470 1044 τε
1511 992 1605 1046 καὶ

98 1066 427 1136 Παμφύλων
474 1061 1138 1157 τρό7τ.011”Ἤρόμην’
1204 1064 1402 1134 ἕφη,’
1424 1063 1486 1117 τὸ
1551 1064 1607 1117 δὲ

99 1141 270 1207 ὄνομα
309 1140 408 1191 οὐκ
448 1144 623 1194 εἶπας
721 1137 889 1196 (Οὐκ,
926 1135 965 1188 ὦ
1006 1135 1235 1208 χρηστέ,
1279 1143 1434 1189 εἷπον
1475 1136 1604 1189 ἀλλ’

99 1211 406 1281 ἐξηγούμην
449 1233 539 1263 σοι
586 1232 708 1265 τους
757 1208 950 1276 νόμους
1001 1212 1108 1262 τῶν
1161 1210 1343 1276 ὕμνων
1393 1210 1482 1263 καὶ
1537 1209 1606 1263 τὰ

102 1284 343 1373 ὀνόματα
373 1283 465 1336 καὶ
494 1284 603 1348 ὅπη
637 1306 706 1335 τα
743 1281 990 1334 Αἰολεων
1028 1284 1078 1340 ἐς
1117 1281 1178 1334 τὸ
1211 1281 1518 1352 ἀκρότατόν
1549 1306 1607 1336 τε

99 1359 192 1411 καὶ
233 1357 293 1409 τὸ
336 1357 468 1409 ἶδιον
508 1354 839 1425 Παμφύλων
879 1354 1228 1423 παρηλλαξε·
1271 1354 1406 1424 πρὸς
1445 1355 1604 1408 ἄλλω

99 1429 236 1498 μετὰ
277 1433 454 1482 ταῦτα
495 1427 807 1496 ἐγενόμεθα,
849 1428 937 1479 καὶ
982 1426 1156 1480 οὐκέτ’
1197 1449 1331 1496 ηρου
1375 1451 1442 1494 με
1481 1428 1607 1497 περὶ

101 1507 198 1556 τοῦ
264 1502 544 1570 ὀνόματος·
599 1505 851 1553 καλεῖται
918 1522 1098 1552 τοινυν
1156 1523 1187 1565 η
1255 1499 1404 1569 σοφὴ
1466 1502 1607 1567 αὕτη

100 1575 432 1643 Δαμοφύλη,
492 1574 584 1626 καὶ
646 1573 871 1640 λέγεται
935 1571 1027 1625 τὸν
1078 1572 1343 1642 Σαπφοῦς
1403 1572 1607 1642 τρόπον

100 1647 407 1718 παρθένους
444 1670 502 1700 τε
539 1645 860 1737 ὁμιλητριας
889 1645 1208 1712 κτήσασθαι
1239 1645 1522 1713 ποιηματά
1549 1669 1608 1699 τε

101 1721 380 1774 συνθεῖναι
419 1719 485 1772 τὰ
524 1721 622 1786 μὲν
662 1717 913 1786 ἐρωτικὰ,
944 1717 1011 1769 τὰ
1041 1716 1144 1770 δὲ
1124 1719 1336 1783 ύμνους.
1415 1719 1486 1770 τά
1521 1742 1606 1772 τοι

102 1795 152 1850 ἐς
205 1793 301 1858 τὴν
343 1792 604 1862 Ἀρτεμιν
654 1792 749 1844 καὶ
795 1790 1117 1861 παρώδηται
1163 1791 1300 1860 αὐτῇ
1354 1790 1445 1844 καὶ
1495 1791 1607 1844 ἀπὸ

106 1870 211 1919 τῶν
239 1865 535 1935 Σαπφῴων
564 1864 768 1933 ᾔσται.’

174 1982 296 2026 Hor.
348 1980 432 2026 (M.
483 1982 522 2025 2.
569 1980 642 2027 13.
691 1980 745 2024 21
827 1976 942 2043 [Ille
992 1986 1045 2025 et
1093 1978 1291 2025 nefasto
1338 1986 1391 2026 te
1440 1984 1609 2042 posuit

104 2049 186 2095 die
225 2087 232 2094 .
276 2086 283 2094 .
327 2085 354 2105 .,
380 2049 524 2094 arbos
563 2085 571 2093 .
614 2085 622 2092 .
664 2044 728 2111 .]:

308 2151 472 2207 Quam
499 2165 660 2211 paene
688 2148 859 2194 furvae
886 2165 1040 2209 regna
1072 2149 1398 2211 Proserpinae

309 2225 362 2263 et
386 2217 694 2263 iudicantem
721 2216 935 2262 vidimus
962 2218 1185 2262 Aeacum

308 2285 555 2347 sedesque
581 2284 843 2346 discriptas
870 2288 1063 2345 piorum
1091 2291 1144 2330 et

309 2353 498 2398 Aeoliis
524 2351 704 2398 fidibus
731 2358 1030 2414 querentem

309 2452 511 2513 Sappho
538 2451 718 2512 puellis
745 2451 807 2496 de
834 2450 1156 2512 popularibus

308 2526 361 2564 et
384 2527 437 2565 te
463 2525 726 2564 sonantem
755 2519 953 2580 plenius
978 2535 1144 2575 aureo,

310 2587 513 2643 Alcaee,
538 2587 733 2648 plectro
773 2625 782 2634 .
827 2625 836 2634 .
879 2625 888 2634 .
