1704 2937
628 217 760 264 LYR
773 218 813 263 A
863 218 1140 265 GRAECA

127 351 338 409 τοῦτον,
367 348 458 402 τὸν
487 349 541 402 δὲ
576 349 917 416 καλούμενον
943 348 1244 419 Ἀρμάτιον
1283 350 1444 419 νόμον
1479 350 1630 419 λέΎε-

126 443 220 473 ται
271 427 507 489 ποιῆσαι
559 421 584 475 ὁ
639 426 853 491 πρῶτος
896 424 1210 491 ’Όλυμπος,
1266 423 1292 476 ὁ
1354 424 1631 494 ΝΙαρσύου

125 494 443 562 μαθητής..
487 536 497 547 .
540 539 548 547 .
589 495 673 548 ὅτι
701 495 746 547 δ’
774 496 925 549 ἐστὶν
950 494 1246 563 Ὀλύμπου
1280 495 1306 547 ὁ
1333 495 1631 566 Αρμάτιος

126 566 302 632 νόμος,
331 569 390 619 ἐκ
420 573 516 631 τῆς
545 568 803 621 Γλαύκου
828 569 1186 639 Ἀναγραφῆς
1213 574 1306 636 τῆς
1346 569 1483 638 ὑπὲρ
1521 573 1630 622 τῶν

126 637 411 710 Ἀρχαίων
457 643 713 707 Ποιητῶν
756 642 924 709 μάθοι
966 641 1032 694 ἄν
1077 665 1158 698 τις
1200 682 1211 694 .
1255 683 1266 694 .
1309 683 1320 694 .
1362 641 1531 695 ἄλλοι
1575 641 1633 695 δέ

128 735 266 770 τινες
319 712 425 766 ὑπὸ
479 717 695 766 Blvodw
746 715 1009 784 εὑρησθαι
1061 718 1254 767 τοῦτον
1304 713 1396 768 τὸν
1449 714 1628 782 νόμον·

125 785 404 853 «γεγονέναι
432 788 538 855 ’γάρ
569 810 722 844 τινας
751 786 1016 859 ἀρχαίους
1044 789 1288 852 αὐλητὰς
1315 787 1567 845 Μυσούς.

199 890 329 936 Plut.
381 890 506 937 Blus.
563 893 618 937 11
677 887 973 956 ”Ολυμπος
1026 887 1081 942 δὲ
1133 890 1201 945 ὡς
1246 887 1629 958 Ἀριστόξενός

124 962 312 1048 φησιν,
368 958 831 1027 ὑπολαμβάνεται
887 960 993 1014 ὑπὸ
1046 965 1153 1014 τῶν
1202 964 1481 1029 μουσικῶν
1535 965 1634 1014 τοῦ

125 1030 447 1121 ἐναρμονίου
464 1032 651 1098 ’γένους
681 1033 898 1105 εὑρετης
919 1035 1267 1101 γεγενῆσθαι·
1307 1034 1375 1086 τὰ
1395 1033 1502 1105 «γὰρ
1523 1033 1631 1105 πρὸ

124 1103 326 1156 ἐκεινου
366 1105 552 1157 πάντα
591 1104 817 1160 διάτονα
857 1108 951 1160 καὶ
977 1107 1307 1200 χρωματικὰ
1340 1108 1420 1175 ἣν.
1500 1107 1631 1160 ὑπο-

127 1180 314 1229 νοοῦσι
359 1176 413 1228 δὲ
466 1200 561 1243 την
613 1180 826 1248 εὕρεσιν
874 1180 1133 1246 τοιαύτην
1185 1179 1305 1232 τινὰ
1354 1179 1629 1248 «γενέσθαι-

126 1248 607 1318 ἀναστρεφόμενον
647 1252 739 1306 τὸν
770 1253 1122 1320 ”Ολυμπον’
1098 1275 1152 1305 εν
1179 1257 1252 1322 τῷ
1283 1251 1512 1322 διατόνῳ
1538 1253 1630 1306 καὶ

127 1322 533 1388 διαβιβάζοντα
563 1324 623 1377 τὸ
649 1325 815 1393 μέλος
845 1328 1120 1382 πολλάκις
1146 1327 1238 1379 ἐπὶ
1260 1325 1356 1393 τὴν
1384 1325 1632 1379 διάτονον

126 1417 482 1464 παρυπάτην,
512 1396 634 1451 τότε
672 1398 769 1466 μὲν
797 1399 906 1452 ἀπὸ
935 1404 1029 1464 τῆς
1061 1397 1404 1468 παραμέσης,
1433 1397 1558 1452 τότε
1585 1398 1629 1451 δ’

127 1467 239 1520 ἀπὸ
287 1473 382 1535 τῆς
425 1468 613 1536 με’σης,
660 1472 753 1524 καὶ
796 1471 1220 1542 παραβαινοντα
1254 1470 1352 1539 τὴν
1383 1470 1630 1525 διάτονον

123 1541 365 1628 λιχανὸν
405 1544 750 1610 καταμαθεῖν
792 1544 853 1596 τὸ
901 1545 1112 1601 κάλλος
1164 1548 1260 1597 τοῦ
1311 1544 1491 1612 ἤθους,
1537 1544 1632 1598 καὶ

123 1615 262 1667 οὕτω
312 1613 373 1666 τὸ
415 1615 474 1666 ἐκ
517 1622 611 1682 τῆς
647 1618 953 1685 ἀναλογίας
988 1615 1322 1683 συνεστηκὸς
1366 1616 1629 1685 σύστημα

129 1686 496 1754 θαυμάσαντα
538 1689 631 1742 καὶ
678 1690 1085 1758 ἀποδεξάμενον
1128 1692 1182 1743 ἐν
1235 1689 1410 1759 τούτῳ
1455 1693 1631 1743 ποιεῖν

127 1760 216 1812 ἐπι
256 1764 352 1812 τοῦ
381 1760 596 1829 Δωριου
625 1761 800 1815 τόνου·
833 1763 956 1816 ου’τε
986 1762 1092 1832 ’γὰρ
1121 1766 1228 1815 τῶν
1253 1767 1351 1816 τοῦ
1378 1761 1630 1815 διατόνου

123 1831 273 1885 ἰδιων
302 1832 426 1885 οὔτε
454 1836 560 1887 τῶν
590 1839 685 1888 τὸυ
712 1836 1006 1906 χρώματος
1046 1835 1341 1897 ἅπτεσθαι,
1369 1834 1498 1886 ἀλλ’
1526 1834 1629 1901 ἤδη

126 1908 234 1957 τῶν
261 1928 355 1972 της
391 1906 666 1975 ἁρμονίας.
745 1914 879 1961 εἰναι
917 1908 960 1960 δ’
1001 1909 1149 1978 αὐτῷ
1189 1908 1257 1960 τὰ
1296 1911 1490 1971 πρῶτα
1523 1911 1631 1960 τῶν

124 1978 452 2045 ἐναρμονίων
497 1985 726 2034 τοιαῦτα
776 2022 786 2033 .
831 1980 1207 2051 ..φαίνεται
1250 1980 1294 2033 δ’
1332 1979 1627 2045 ”Ολυμπος

125 2051 373 2118 αὐξησας
415 2075 687 2120 μουσικην
733 2058 806 2123 τῷ
855 2053 1119 2121 ἀγένητόν
1163 2076 1216 2106 τι
1262 2053 1355 2106 καὶ
1406 2051 1628 2121 ἀγνοού-

121 2146 281 2188 μενον
310 2123 415 2176 ὑπὸ
439 2130 546 2179 τῶν
573 2126 884 2195 ἔμπροσθεν
911 2126 1246 2194 εισαΎαΎεῖν,
1263 2126 1355 2178 καὶ
1383 2126 1627 2196 ἀρχηγὸς

121 2195 379 2262 ’γενεσθαι
410 2220 505 2265 της
542 2197 873 2266 Ελληνικης
902 2200 996 2252 καὶ
1025 2204 1196 2266 καλῆς
1221 2220 1505 2266 μουσικης.

196 2301 321 2347 Ibid.
367 2302 426 2346 15
459 2296 760 2365 ’Ὀλυμπον
786 2296 890 2364 Γγὰρ
923 2300 1138 2364 πρῶτον
1166 2294 1546 2364 Ἀριστόξενος
1575 2295 1628 2348 ἐν

123 2372 198 2437 τῷ
227 2368 426 2438 πρώτῳ
467 2369 592 2440 περὶ
629 2372 922 2435 ῘΜουσικῆς
963 2370 1055 2422 ἐπὶ
1094 2373 1168 2438 τῷ
1209 2367 1431 2421 Πύθωνί
1456 2372 1629 2438 φησιν

123 2440 433 2506 ἐπικηδεῖον
460 2443 709 2510 αὐλῆσαι
739 2442 990 2494 Λυδιστί.

262 2548 268 2556 ι
404 2570 407 2571 ⁷
536 2538 546 2553 ἵ
645 2539 656 2557 ἳ
708 2538 720 2554 Χ
836 2538 847 2555 N
930 2537 940 2552 ἵ
1004 2538 1024 2557 ‘l
1351 2537 1362 2555 ἱ
1431 2539 1451 2551 Α
1604 2534 1626 2555 φ

198 2544 322 2590 Ib1d.
359 2545 418 2590 29
459 2560 553 2590 και
594 2561 760 2591 αυτον
796 2537 851 2590 δε
889 2561 980 2590 τον
1030 2540 1307 2604 Ολυμπον
1338 2559 1556 2596 εκεινον,
1585 2559 1628 2606 ῳ

122 2609 186 2677 δὴ
216 2611 312 2678 τὴν
342 2611 518 2682 ἀρχὴν
548 2616 641 2679 τῆς
669 2611 1000 2679 ίΕλληνικῆς
1033 2633 1090 2664 τε
1121 2609 1213 2664 καὶ
1247 2613 1466 2678 νομικῆς
1496 2609 1618 2677 μού-

117 2708 145 2752 6
