1704 2937
626 230 812 278 LYRA
863 227 1147 275 GRAECA

202 362 501 432 Παρθενία,
531 361 816 432 παρθενία,
845 364 945 413 ποῖ
968 381 1035 427 με
1061 357 1280 412 λίποισ’
1310 357 1521 430 ἀποίχῃ
1548 359 1600 423 ;1

127 471 150 517 ἦ
175 469 216 508 δὲ
238 469 489 519 ἀποκρίνεται
510 469 608 518 πρὸς
629 467 755 513 αὐτὴν
775 470 831 515 τῷ
856 467 962 514 αὐτῷ
985 462 1186 515 σχήματι·

199 553 419 614 Οὐκέτι,
457 553 659 623 νύμφα,
703 550 866 621 προτὶ
907 549 957 602 σ’
1000 551 1113 617 ἴξω,
1159 549 1322 620 προτὶ
1365 549 1418 601 σ’
1461 547 1635 602 οὐκέτ’

345 627 487 694 ἴξω.2

125 730 277 769 πλείων
305 732 382 781 ’γὰρ
415 729 533 780 χάρις
568 729 803 779 ἐμφαίνεται
833 729 856 775 ἢ
889 731 998 778 εἴπερ
1034 726 1137 777 ἅπαξ
1166 726 1322 777 ἐλέχθη
1356 727 1420 766 καὶ
1447 727 1541 767 ἄνευ
1563 730 1637 766 τοῦ

127 788 356 835 σχήματος.
416 784 544 824 καίτοι
574 786 598 831 ἡ
635 783 908 822 ἀναδίπλωσις
938 784 1035 834 πρὸς
1068 782 1302 828 δεινότητας
1331 784 1497 830 μᾶλλον
1530 785 1643 822 δοκεῖ

127 843 329 891 εὑρῆσθαι,
354 841 378 888 ἡ
403 839 444 879 δὲ
467 841 530 879 καὶ
552 842 636 879 τοῖς
659 838 903 878 δεινοτάτοις
925 839 1180 889 καταχρῆται
1202 835 1482 889 ἐπιχαρίτως.3

833 992 924 1039 165

180 1083 366 1122 Demetr.
393 1082 502 1120 Εῖοο.
533 1082 609 1122 166
667 1082 727 1120 διὸ
755 1082 818 1121 καὶ
841 1081 865 1128 ἡ
895 1082 1046 1131 Σαπφὼ
1070 1081 1158 1132 περὶ
1185 1078 1259 1129 μὲν
1286 1078 1466 1120 κάλλους
1485 1077 1637 1132 ᾄδουσα

128 1137 354 1183 καλλιεπὴς
377 1139 465 1176 ἐστι
497 1138 560 1175 καὶ
591 1137 717 1184 ἡδεῖα,
754 1138 817 1175 καὶ
849 1137 935 1185 περὶ
969 1137 1127 1186 ἐρώτων
1156 1134 1198 1174 δὲ
1230 1135 1293 1173 καὶ
1325 1135 1438 1187 ἔαρος
1459 1135 1524 1175 καὶ
1545 1136 1634 1186 περὶ

128 1191 336 1240 ἁλκυόνος,
372 1192 434 1232 καὶ
461 1190 564 1229 ἅπαν
587 1192 715 1230 καλὸν
745 1190 867 1240 ὄνομα
894 1190 1111 1241 ἐνύφανται
1141 1190 1266 1236 αὐτῆς
1295 1193 1345 1243 τῇ
1375 1188 1550 1238 ποιήσει,
1584 1190 1636 1229 τὰ

128 1248 169 1287 δὲ
191 1249 254 1286 καὶ
277 1248 377 1294 αὐτὴ
401 1245 630 1297 εἰργάσατο.

829 1432 920 1478 166

181 1519 325 1560 Strab.
353 1521 417 1560 13.
440 1521 519 1559 615
578 1518 700 1558 Κάναι
721 1519 763 1558 δὲ
784 1519 1000 1568 πολίχνιον
1018 1522 1178 1569 Λοκρῶν
1196 1522 1278 1558 τῶν
1300 1519 1345 1558 ἐκ
1366 1517 1506 1569 Κύνου,
1531 1522 1634 1560 κατὰ

126 1575 177 1613 τὰ
206 1575 305 1626 ἄκρα
331 1577 406 1620 τῆς
431 1572 591 1618 Λέσβου
611 1575 663 1613 τὰ
683 1575 918 1623 νοτιώτατα,
952 1574 1134 1623 κείμενον
1159 1575 1201 1612 ἐν
1223 1576 1272 1626 τῇ
1296 1574 1458 1625 Καναίᾳ.
1529 1576 1632 1622 αὑτὴ

126 1632 168 1668 δὲ
189 1628 310 1680 μὲχρι
331 1633 412 1668 τῶν
442 1631 742 1680 Ἀργινουσσῶν
769 1629 896 1675 διήκει
924 1629 987 1668 καὶ
1014 1631 1089 1675 τῆς
1117 1627 1401 1680 ὑπερκειμένης
1422 1629 1557 1680 ἄκρας,
1583 1631 1633 1676 ἢν

126 1683 230 1733 Αἷγά
260 1700 366 1723 τινες
405 1682 668 1733 ὀνομάζουσιν
706 1683 921 1733 ὁμωνύμως
958 1689 1015 1733 τῷ
1057 1682 1152 1734 ζῴῳ·
1195 1686 1256 1723 δεῖ
1291 1684 1335 1724 δὲ
1366 1687 1525 1732 μακρῶς
1555 1685 1632 1731 τὴν

125 1739 315 1788 δευτέραν
354 1741 573 1786 συλλαβὴν
604 1736 786 1788 ἐκφέρειν
817 1737 945 1789 Αἷγάν
984 1741 1035 1778 ὡς
1074 1736 1202 1778 ἀκτάν
1238 1739 1302 1777 καὶ
1342 1737 1487 1789 ἀρχάν·
1528 1740 1633 1778 οὕτω

126 1794 189 1831 καὶ
222 1794 270 1831 τὸ
304 1793 391 1843 ὅρος
424 1796 524 1833 ὅλον
555 1792 793 1842 ὠνομάζετο,
829 1795 849 1831 ὃ
886 1795 955 1832 νῦν
987 1793 1121 1839 Κάνην
1154 1795 1217 1833 καὶ
1255 1793 1386 1834 Κάνας
1419 1791 1629 1844 λέγουσιν·

215 1880 223 1887 .
256 1849 425 1898 ὕστερον
455 1849 496 1887 δὲ
524 1850 621 1888 αὐτὸ
647 1850 696 1887 τὸ
724 1848 972 1899 ἀκρωτήριον
999 1848 1104 1897 Αἷγὰ
1127 1851 1352 1896 κεκλῆσθαι
1386 1846 1632 1896 <δοκεί“>,41

125 1904 174 1941 ὡς
197 1904 345 1952 Σαπφώ
366 1912 479 1953 φησι,
505 1905 552 1943 τὸ
575 1903 616 1942 δὲ
638 1904 782 1942 λοιπὸν
804 1902 910 1950 Κάνη
933 1904 996 1942 καὶ
1020 1902 1154 1942 Κάναι.

833 2120 922 2169 167

179 2203 277 2244 Sch.
301 2206 386 2256 Ap.
410 2205 495 2246 Rh.
523 2208 562 2245 4.
588 2207 638 2247 57
697 2206 786 2256 [οὐκ
812 2206 872 2257 ἄρ’
902 2207 981 2256 ἐγὼ
1008 2206 1135 2255 μούνη
1161 2205 1263 2255 μετὰ
1289 2205 1463 2255 Λάτμιον
1485 2206 1631 2258 ἄντρον

124 2260 322 2308 ἀλύσκω]·
357 2291 364 2297 .
400 2290 407 2298 .
449 2292 456 2299 .
489 2261 575 2309 περὶ
599 2259 640 2298 δὲ
664 2264 736 2300 τοῦ
765 2263 838 2307 τῆς
870 2261 1052 2307 Σελήνης
1082 2260 1228 2311 ἔρωτος
1248 2261 1457 2312 ἱστοροῦσι
1478 2263 1628 2312 Σαπφὼ

125 2316 187 2352 καὶ
219 2315 436 2364 Νίκανδρος
467 2316 509 2352 ἐν
542 2315 711 2364 δευτέρῳ
749 2317 949 2366 Εὐρώπης·
987 2314 1157 2366 λέγεται
1197 2314 1239 2354 δὲ
1279 2313 1552 2367 κατέρχεσθαι
1588 2317 1628 2357 ἐς

123 2371 247 2408 τοῦτο
267 2370 315 2407 τὸ
337 2369 481 2419 ἄντρον
500 2370 576 2416 τὴν
599 2374 782 2417 Σελήνην
802 2372 900 2422 πρὸς
922 2370 1173 2420 Ἐνδυμίωνα.

178 2503 191 2528 1
221 2503 317 2543 Blf:
352 2517 437 2542 mss
460 2507 638 2544 λιποῦσα
660 2508 755 2557 οἴχῃ
885 2505 900 2529 2
931 2519 977 2545 so
1001 2505 1115 2547 Seid.
1144 2508 1199 2546 -B
1221 2507 1287 2556 (cf.
1314 2506 1406 2546 Alc.
1439 2507 1528 2546 156.
1554 2507 1625 2555 9):

122 2560 302 2652 ἰῃῖῗέἰιέκ
323 2557 383 2596 ἔτι
403 2559 481 2607 ἥξω
502 2560 599 2609 πρὸς
619 2557 681 2609 σέ,
708 2576 739 2599 ο.
768 2561 798 2598 ἐ.
825 2561 861 2607 ἥ.
979 2561 995 2586 ³
1026 2561 1225 2601 Finckh:
1257 2574 1344 2600 mss
1367 2561 1430 2600 ἐπὶ
1455 2559 1627 2613 χάριτος

127 2693 220 2750 296
