1704 2937
628 212 815 257 LYRA
865 211 1145 257 GRAECA

838 344 930 388 168

186 430 298 471 Gell.
320 432 387 472 20.
411 432 433 473 7
454 431 526 478 [de
547 430 719 470 Niobae
737 430 906 480 liberis]
928 447 936 470 :
967 429 1085 469 Nam
1105 429 1325 469 Homerus
1342 441 1501 481 pueros
1520 427 1643 480 puel-

130 484 281 537 lasque
321 487 414 525 eius
452 485 519 525 bis
541 499 665 525 senos
703 485 815 524 dicit
848 485 997 532 fuisse,
1037 483 1273 536 Euripides
1311 483 1381 522 bis
1418 489 1639 535 septenos,

132 538 308 592 Sappho
327 539 394 580 bis
414 554 622 591 novenos,
645 539 934 590 Bacchylides
954 544 1000 578 et
1022 538 1242 578 Pindarus
1262 538 1330 577 bis
1349 537 1497 577 denos.

837 649 927 698 169

183 735 306 777 Serv,
347 736 482 788 Verg.
522 737 632 778 Aen.
672 738 712 776 6.
753 737 801 775 21
863 736 1093 787 [‘septena·
1129 739 1239 787 quot
1277 735 1404 774 annis
1428 733 1434 785 Ι
1461 746 1644 785 corpora

128 796 333 830 natorum
348 791 405 840 ’]:
437 791 616 843 quidam
648 795 817 842 septem
846 804 1005 842 pueros
1032 795 1079 829 et,
1105 794 1275 842 septem
1303 788 1474 841 puellas
1502 789 1639 840 accipi

128 845 297 892 volunt,
322 845 438 897 quod
461 850 507 884 et
527 845 655 885 Plato
682 845 793 884 dicit
813 846 858 884 in
880 844 1115 884 Phaedone
1136 849 1183 884 et«
1207 843 1385 896 Sappho
1404 844 1451 882 in
1470 843 1642 896 Lyricis

216 933 223 940 .
256 914 364 952 quos
384 899 592 939 liberavit
613 899 823 940 Theseus.

841 1008 935 1057 170

182 1094 250 1134 Id.
292 1095 379 1133 Ecl.
429 1095 468 1134 6.
518 1098 569 1134 42
627 1094 932 1147 [‘furtu1nque
979 1093 1302 1144 Promethei'J:
1351 1093 1641 1134 Prometheus

256 1155 357 1201 post
376 1148 518 1188 factos
539 1163 563 1188 a
584 1163 629 1188 se
650 1150 847 1189 homines
861 1149 1026 1188 dicitur
1045 1149 1211 1188 auxilio
1223 1149 1453 1188 Minervae
1473 1148 1642 1189 caelum

127 1202 372 1242 ascendisse
403 1208 448 1243 et
478 1203 681 1243 adhibita
710 1204 856 1243 facula
884 1203 942 1243 ad
968 1209 1111 1243 rotam
1140 1203 1245 1242 solis
1274 1202 1420 1255 ignem
1448 1202 1637 1251 furatus,

127 1271 255 1310 quem
286 1258 536 1297 hominibus
569 1258 801 1301 indicavit.
859 1259 914 1298 ob
945 1272 1075 1310 quam
1107 1271 1285 1297 causam
1319 1258 1425 1298 irati
1455 1257 1519 1297 dii
1551 1257 1639 1297 duo

127 1312 241 1351 mala
258 1313 535 1352 immiserunt
559 1314 705 1361 terris,
731 1313 875 1353 febres
891 1313 907 1337 ²
926 1319 972 1353 et
992 1312 1181 1362 morbos,
1205 1313 1321 1352 sicut
1335 1316 1381 1352 et
1402 1311 1579 1364 Sappho
1594 1317 1641 1352 et

126 1367 348 1406 Hesiodus
367 1372 628 1408 memorant.

837 1478 923 1526 171

184 1565 390 1606 Philostr.
425 1568 503 1616 Ep.
535 1569 583 1607 51
643 1568 668 1615 ἢ
700 1568 851 1616 Σαπφὼ
881 1568 954 1605 τοῦ
981 1565 1097 1618 ῥόδου
1127 1568 1195 1618 ἐρᾷ
1221 1566 1285 1604 καὶ
1317 1569 1516 1617 στεφανοῖ
1538 1567 1638 1606 αὐτὸ

128 1620 190 1658 ἀεί
225 1636 305 1658 τινι
343 1621 542 1672 ἐἾκα-μῖῳ,
584 1622 657 1662 τὰς
697 1621 826 1661 καλὰς
871 1625 953 1660 τῶν
999 1621 1207 1671 παρθένων
1242 1620 1380 1671 ἐκείνῳ
1427 1622 1635 1670 ὁμοιοῦσα.

128 1677 257 1723 ὁμοιοῖ
276 1674 318 1713 δὲ
340 1678 438 1715 αὐτὸ
469 1678 533 1715 καὶ
554 1680 640 1716 τοῖς
668 1680 750 1715 τῶν
779 1676 963 1728 Χαρίτων
991 1676 1173 1725 πήχεσιν
1195 1676 1355 1715 ἐπειδὰν
1373 1674 1641 1716 ιἰτϊοδύσωσι2

122 1733 238 1779 σφῶν
256 1731 329 1769 τὰς
351 1731 519 1772 ὠλένας.

834 1796 924 1846 172

179 1882 350 1923 Himer.
376 1886 441 1924 Or.
478 1886 539 1925 13.
575 1886 597 1926 7
666 1885 718 1923 τὰ
749 1884 791 1923 δὲ
819 1886 873 1924 σὰ
894 1886 962 1922 νῦν
982 1884 1074 1923 δέον
1094 1885 1159 1924 καὶ
1180 1887 1286 1934 αὐτῷ
1307 1884 1365 1935 τῷ
1389 1884 1636 1937 Μουσαγέτῃ

128 1937 364 1986 εἰκάζεσθαι.
401 1939 484 1978 οἷον
509 1940 631 1978 αὐτὸν
661 1941 724 1978 καὶ
762 1941 912 1990 Σαπφὼ
944 1941 1008 1978 και
1041 1939 1233 1990 Πίνδαρος
1265 1941 1308 1978 ἐν
1337 1943 1415 1992 ᾠδῇ
1446 1938 1550 1990 κόμῃ
1587 1955 1636 1979 τε

126 1996 260 2058 χρυσῇ
311 1994 374 2032 καὶ
425 1994 557 2046 λύρᾳ3
604 1994 889 2042 κοσμησαντες
931 1993 1089 2033 κύκνοις
1137 1995 1288 2044 ἔποχον
1333 1996 1392 2035 εἰς
1441 1997 1639 2034 Ἑλικῶνα

125 2044 365 2095 πέμπουσιν,
400 2049 581 2088 Μούσαις
608 2048 755 2099 Χάρισί
777 2065 822 2087 τε
855 2051 954 2096 ὁμοῦ
985 2049 1365 2099 συγχορεύσοντα,*
1391 2049 1416 2096 ἢ
1448 2047 1533 2088 οἷον
1563 2049 1639 2088 τὸν

126 2103 389 2151 Βακχειώτην
410 2104 531 2142 (οὕτω
550 2104 628 2155 ’γὰρ
650 2104 773 2143 αὐτὸν
794 2105 816 2151 ἡ
839 2103 944 2154 λύρα
967 2107 1098 2151 καλεῖ,
1121 2105 1196 2143 τὸν
1216 2102 1416 2143 Διόνυσον
1435 2100 1635 2154 λέγουσα)

126 2155 221 2225 ἦρος
260 2157 350 2207 ἄρτι
387 2161 436 2196 τὸ
484 2162 642 2208 πρῶτον
689 2157 989 2209 ἐκλάμψαντος,
1033 2158 1172 2198 ἄνθεσί
1217 2162 1254 2196 τ’
1294 2158 1532 2209 εἰαρινοῖσι5
1571 2157 1636 2197 καὶ

125 2211 270 2250 κίσσου
291 2212 504 2263 κορύμβοις
533 2213 712 2253 Μούσαις
737 2212 907 2263 κατοχοὶ
933 2213 1094 2260 ποιηταὶ
1123 2213 1364 2264 στέψαντες,
1388 2214 1458 2252 νῦν
1475 2212 1552 2263 μὲν
1572 2212 1634 2252 ἐπ’

125 2268 247 2316 ἄκρας
277 2268 453 2318 κορυφὰς
481 2267 695 2306 Καυκάσου
725 2268 789 2307 καὶ
819 2267 962 2308 Λυδίας
991 2267 1139 2317 τέμπη,
1171 2271 1243 2307 νῦν
1269 2271 1302 2308 δ’
1330 2269 1394 2307 ἐπὶ
1424 2266 1636 2320 Παρνάσου

124 2318 352 2360 σκοπελους
373 2322 436 2360 καὶ
459 2323 645 2373 Δελφιδα
663 2321 816 2375 πέτραν
835 2323 1039 2373 ἄγουσι..

179 2437 195 2461 ¹
227 2442 435 2489 corrupt:
470 2440 508 2478 B
537 2452 662 2490 sugg.
685 2438 903 2491 seminam
949 2439 984 2478 if
1017 2442 1100 2479 duo
1134 2441 1171 2479 is
1201 2439 1324 2493 right
1357 2440 1435 2480 the
1464 2439 1635 2480 Hesiod

124 2492 309 2531 ‹itation
331 2493 471 2531 uhich
495 2492 665 2531 follows
688 2496 779 2544 (Op.
807 2495 986 2543 100-1)
976 2508 1011 2533 is
1032 2494 1313 2546 inadequate‚
1335 2495 1461 2547 perh.
1474 2508 1500 2534 a
1518 2494 1635 2547 gloss

124 2546 139 2569 2
171 2559 259 2585 mss
283 2563 353 2598 -σῃ
504 2548 520 2571 ³
550 2548 709 2588 Herw:
744 2562 830 2587 mss
851 2547 991 2600 λύραις
1137 2549 1271 2592 411183
1293 2550 1636 2604 συγχορεύσαντα

123 2599 139 2623 ⁵
171 2614 257 2640 mss
276 2603 445 2653 ἠρῖνοισι

124 2679 218 2737 298
