1704 2937
612 232 797 278 LYRA
848 234 1127 280 GRAECA

656 365 713 410 31
791 369 852 417 εἷς
880 364 1066 429 Ερωτα

168 447 263 488 Sch.
292 452 374 502 Ap.
411 451 492 492 Rh.
526 454 562 493 3.
599 455 651 493 ‘26
692 456 817 502 [παιδὶ
851 457 917 504 ἑῷ,
955 457 1028 494 zle.
1066 455 1293 505 Κύπριδος]·
1344 453 1618 492 Ἀπολλώνιος

111 503 186 553 μὲν
206 506 443 555 Ἀφροδίτης
464 509 537 546 τὸν
551 507 709 559 ’‘Epeo-ra
729 513 984 559 γενεαλογεῖ,
1003 511 1156 560 Σαπφὼ
1178 509 1219 548 δὲ
1242 512 1319 556 Γῆς
1336 509 1399 549 καὶ
1423 505 1613 558 Οὐράνου.

168 558 264 598 Sch.
301 559 480 601 The-001⁵.
516 564 575 603 13.
611 565 637 602 2
694 564 822 614 [ᾡτινι
851 580 974 603 τουτο
1005 569 1104 604 θεῶν
1133 581 1237 604 ποκα
1264 564 1411 603 τέκνον
1440 561 1615 613 εγεντο]·

113 614 370 663 ἀμφιβάλλει
403 615 512 656 τίνος
549 619 633 656 υἱὸν
661 622 752 671 ειπῃ
783 621 856 659 τὸν
880 619 1051 669 ”Ερωτα·
1086 618 1268 659 Ἡσιοδος
1301 617 1375 668 μὲν
1404 618 1520 669 γὰρ.

115 671 265 718 Σαπφὼ
286 671 525 720 Ἀφροδιτης
549 673 622 718 <⁷7
647 674 804 719 Γῆς>1
827 675 890 713 καὶ
914 673 1106 726 Οὐρανου.

168 723 295 763 PaUS
341 726 375 763 9-
422 727 486 767 27.
531 728 556 765 ’2
616 728 801 768 Ἡσίοδον
839 729 881 768 δὲ
914 762 922 769 .
958 760 966 768 .
1004 761 1011 768 .
1047 730 1135 769 οἶδα
1172 726 1385 780 γράψαντα
1423 729 1474 766 ὡς
1511 725 1620 765 Χάος

111 782 281 826 πρῶτον,
323 780 385 818 ἐπὶ
427 780 469 819 δὲ
509 783 615 831 αὐτῷ
657 786 709 829 Γῆ
749 799 795 821 τε
836 784 899 822 καὶ
935 783 1136 835 Τάρταρος
1176 785 1240 823 καὶ
1273 781 1399 833 Ἔρως
1437 781 1613 832 γένοιτο

115 835 264 883 Σαπφὼ
286 834 367 873 δὲε
350 852 374 882 η
395 836 552 881 Λεσβία
578 838 718 877 πολλα
748 854 792 876 τε
826 840 887 877 καὶ
919 840 997 887 οὐχ
1029 841 1315 888 ὁμολογοῦντα
1344 838 1548 884 ἀλλήλοις
1579 837 1620 876 ἐς

112 890 264 938 Ἔρωτα
283 887 371 941 ᾐσε.

301 997 329 1023 e,
348 998 383 1033 9·
430 965 716 1021 Φίλτατον
744 966 912 1025 Γαίας
939 968 1089 1035 γένος
1114 968 1364 1037 Ὀρράνω
1393 990 1452 1022 τε

638 1225 699 1270 32
773 1228 835 1277 εἷς
862 1225 1102 1287 ‘'Ean-epm!

169 1311 285 1350 Him.
317 1313 383 1352 Or.
414 1314 473 1352 13.
501 1314 526 1352 9
584 1314 714 1364 ἀστὴρ
736 1314 843 1363 οἶμαι
866 1312 916 1353 σύ
938 1330 998 1354 τις
1022 1314 1219 1366 ἑσπέριος,

321 1396 604 1469 Ἀστέρων
630 1399 857 1453 πάντων
885 1399 910 1451 ὀ
939 1400 1243 1457 mammo&
1285 1442 1294 1451 .
1341 1442 1349 1451 .
1397 1422 1424 1451 .·

117 1505 306 1552 Σαπφοῦς
326 1504 448 1542 τοῦτο
469 1504 516 1550 δὴ
537 1505 585 1543 τὸ
608 1504 663 1544 εἷς
677 1503 878 1556 ἽΞσπερον
899 1503 1019 1556 ᾆσμα.

660 1678 720 1722 33
793 1678 878 1737 [εἷς
914 1678 1090 1739 Πειθώ]

172 1762 268 1803 Sch.
302 1763 408 1803 Hes.
437 1765 505 1814 Ost.
540 1766 590 1807 73
630 1764 792 1815 [πότνια
819 1766 981 1815 Πειθώ]·
1032 1766 1182 1816 Σαπφὼ
1211 1761 1256 1803 δέ
1278 1773 1379 1815 φησι
1399 1763 1475 1810 τὴν
1495 1764 1622 1803 Πειθὼ

117 1818 355 1869 Ἀφροδίτης
376 1819 586 1870 θυγατέρα.

286 1936 316 1963 e.
335 1936 370 1973 q.
405 1905 480 1956 ςΩ
508 1904 659 1973 γένος
688 1906 1092 1974 θελξίμβροτον
1119 1902 1457 1975 Ἀφροδίτας

842 2083 902 2127 34

173 2165 285 2203 Bcrl.
312 2164 632 2202 A'lswsikertmte
652 2166 677 2203 5
698 2163 734 2202 Ρ
753 2165 860 2204 5006

851 2239 936 2307 ]θε
962 2239 1133 2305 θῦμον

855 2313 937 2379 ]μι
966 2311 1202 2379 πάμπαν

856 2385 875 2451 Ι
916 2383 1149 2451 δύνᾱμαι

855 2457 945 2596 {aq
973 2551 1064 2580 κεν
1091 2527 1123 2593 ἣ
1150 2549 1242 2595 μοι

856 2602 903 2669 ]ς
930 2601 1284 2667 ἀντιλάμπην

130 2709 220 2740 202
