1704 2937
622 203 708 249 LY
720 204 807 248 RA
859 202 1141 249 GRAECA

178 426 242 466 Et.
284 426 397 475 May.
438 427 527 467 174.
563 425 616 461 42
674 426 787 463 αὕως·
829 423 853 469 ἡ
889 422 982 470 ἠώς,
1027 421 1244 463 τουτέστιν
1279 425 1304 473 ἡ
1341 422 1482 475 ἡμέρα·
1525 425 1630 464 οὕτω

123 479 291 530 λέγεται
322 480 426 532 παρὰ
456 482 542 518 τοῖς
572 479 780 517 Αἰολεῦσι·
818 478 970 528 Σαπφώ
1224 478 1239 491 “

625 550 813 604 Πότνι’
843 553 987 609 αὔως
1028 596 1036 605 .

842 679 931 726 178

180 758 287 798 Ath.
319 761 355 797 4.
396 758 472 796 182
501 771 523 796 e
556 758 613 806 [π.
644 757 847 807 μάγαδιν]
897 757 1101 807 Εὑφοριὼν
1137 755 1180 796 δὲ
1214 758 1234 795 ὃ
1277 757 1462 797 ἐποποιὸς
1498 757 1540 795 ἐν
1573 758 1631 807 ‘qu

125 815 220 864 Περὶ
242 813 426 862 Ἰσθμίων
461 813 517 851 ‘oc‘
547 814 633 852 νῦν’
666 822 792 863 φησιν
827 811 1092 860 ίκαλούμενοι
1123 812 1345 856 ναβλισταὶ
1369 813 1434 851 καὶ
1459 814 1630 850 πανδου·

123 870 256 917 ρισταὶ
275 869 337 907 καὶ
350 868 628 916 σαμβυκισταὶ
651 867 772 915 καινῷ
790 864 865 914 μὲν
885 867 1013 905 οὐδενὶ
1029 869 1207 916 χρῶνται
1228 865 1412 918 ὀργάνῳ.’
1458 867 1533 905 τὸν
1551 866 1631 918 γὰρ

122 920 308 974 βάρωμον
327 923 391 962 καὶ
413 922 623 974 βάρβιτον,
650 921 703 961 ὧν
724 922 875 971 Σαπφὼ
900 921 963 961 καὶ
983 920 1206 973 Ἀνακρέων
1229 919 1536 971 μνημονεύουσι,
1562 923 1629 960 καὶ

122 978 198 1024 τὴν
216 977 390 1027 μάγαδιν
411 979 475 1017 καὶ
497 978 549 1017 τὰ
568 976 744 1029 τρίγωνα
767 977 830 1015 καὶ
852 978 926 1017 τὰς
947 975 1159 1025 σαμβύκας
1179 976 1329 1028 ἀρχαῖα
1351 976 1464 1016 εἶναι.

837 1169 924 1217 179

175 1247 283 1286 Poll.
311 1248 348 1288 7.
374 1247 438 1285 49.

772 1320 984 1386 βεῦδος,

118 1421 168 1458 ὡς
208 1419 371 1469 Σαπφώ,
415 1414 658 1468 κιμβερικόν,
712 1414 801 1455 ἔστι
851 1416 894 1455 δὲ
942 1418 992 1456 τὸ
1040 1417 1275 1468 κιμβερικὸν
1325 1416 1519 1469 διαφανής
1565 1432 1628 1458 τις

119 1474 374 1524 χιτωνίσκος.

836 1552 928 1601 180

173 1632 336 1685 Phryn.
362 1632 468 1672 Bek.
494 1633 583 1671 An.
608 1633 645 1670 l.
668 1632 730 1670 34.
758 1631 783 1668 2
841 1632 991 1683 Σαπφὼ
1015 1629 1057 1670 δὲ

763 1707 972 1778 γρύταν

119 1807 236 1843 καλεῖ
255 1804 331 1852 τὴν
349 1804 481 1856 μύρων
502 1804 566 1843 καὶ
587 1803 827 1855 γυναικείων
847 1805 967 1842 τινῶν
988 1801 1152 1849 θήκην.1

176 2030 366 2083 Hesych.
414 2031 588 2082 ἕκτορες·
639 2030 849 2071 πάσσαλοι
891 2032 932 2069 ἐν
970 2032 1091 2082 ῥυμῷ,
1137 2030 1288 2080 Σαπφὼ
1328 2026 1370 2068 δὲ
1408 2029 1480 2068 τὸν
1530 2028 1620 2078 Δία,

119 2086 315 2133 Λεωνίδης
344 2087 415 2124 τὸν
445 2087 732 2137 κροκύφαντον.

834 2242 925 2289 182

174 2320 315 2361 Cram.
352 2321 457 2360 A.O.
488 2323 523 2360 4.
561 2320 651 2360 325.
687 2321 739 2359 28
797 2319 861 2358 καὶ
901 2319 1111 2359 ἀνώπαλιν
1147 2319 1251 2370 παρὰ
1284 2320 1371 2357 τοῖς
1404 2317 1623 2357 Αἰολεῦσιν

120 2376 208 2414 ἀντὶ
229 2377 301 2414 τοῦ
324 2378 344 2413 δ
365 2373 390 2423 ζ
405 2374 778 2425 παραλαμβάνεται,
806 2376 856 2415 ὡς
877 2375 974 2413 ὅταν
993 2375 1042 2412 τὸ
1064 2372 1258 2418 διάβατον
1278 2373 1302 2420 ἡ
1326 2372 1476 2424 Σαπφώ

754 2448 997 2513 ζάβατον

120 2520 240 2575 λέγῃ.

588 2605 599 2628 ¹
633 2606 684 2645 cf.
712 2606 778 2645 82.
801 2607 851 2646 6:
887 2618 973 2644 mss
991 2604 1148 2657 γρύτην

123 2700 215 2745 30²
