<?xml version="1.0" encoding="UTF-8"?>
<!DOCTYPE html PUBLIC "-//W3C//DTD XHTML 1.0 Transitional//EN"
    "http://www.w3.org/TR/xhtml1/DTD/xhtml1-transitional.dtd">
<html xmlns="http://www.w3.org/1999/xhtml" xml:lang="en" lang="en">
 <head>
  <title>
</title>
<meta http-equiv="Content-Type" content="text/html;charset=utf-8" />
  <meta name='ocr-system' content='tesseract 3.04.00' />
  <meta name='ocr-capabilities' content='ocr_page ocr_carea ocr_par ocr_line ocrx_word'/>
</head>
<body>
  <div class='ocr_page' id='page_1' title='image "./lyragraecabeingr01edmouoft_0172.png"; bbox 0 0 1704 2937; ppageno 0'>
   <div class='ocr_carea' id='block_1_1' title="bbox 645 222 1157 268">
    <p class='ocr_par' dir='ltr' id='par_1_1' title="bbox 645 222 1157 268">
     <span class='ocr_line' id='line_1_1' title="bbox 645 222 1157 268; baseline 0.004 -2"><span class='ocrx_word' id='word_1_1' title='bbox 645 222 829 267; x_wconf 77' lang='lat' dir='ltr'><strong>LYRA</strong></span> <span class='ocrx_word' id='word_1_2' title='bbox 878 222 1157 268; x_wconf 85' lang='lat' dir='ltr'><strong>GRAECA</strong></span> 
     </span>
    </p>
   </div>
   <div class='ocr_carea' id='block_1_2' title="bbox 147 350 1651 642">
    <p class='ocr_par' dir='ltr' id='par_1_2' title="bbox 147 350 1651 642">
     <span class='ocr_line' id='line_1_2' title="bbox 149 350 1651 423; baseline 0.001 -18"><span class='ocrx_word' id='word_1_3' title='bbox 149 353 240 406; x_wconf 90' lang='grc' dir='ltr'>καὶ</span> <span class='ocrx_word' id='word_1_4' title='bbox 280 350 576 423; x_wconf 80' lang='grc' dir='ltr'>Ἀρχεδίκη</span> <span class='ocrx_word' id='word_1_5' title='bbox 617 351 664 404; x_wconf 79' lang='grc' dir='ltr'>δ’</span> <span class='ocrx_word' id='word_1_6' title='bbox 690 353 752 417; x_wconf 80' lang='grc' dir='ltr'>ἦν</span> <span class='ocrx_word' id='word_1_7' title='bbox 796 375 877 410; x_wconf 92' lang='grc' dir='ltr'>τις</span> <span class='ocrx_word' id='word_1_8' title='bbox 915 354 973 405; x_wconf 83' lang='grc' dir='ltr'>ἐκ</span> <span class='ocrx_word' id='word_1_9' title='bbox 1014 359 1107 420; x_wconf 82' lang='grc' dir='ltr'>τῆς</span> <span class='ocrx_word' id='word_1_10' title='bbox 1148 356 1517 423; x_wconf 77' lang='grc' dir='ltr'>Ναυκράτεως</span> <span class='ocrx_word' id='word_1_11' title='bbox 1555 353 1651 407; x_wconf 90' lang='grc' dir='ltr'>καὶ</span> 
     </span>
     <span class='ocr_line' id='line_1_3' title="bbox 147 424 1649 495; baseline 0.001 -16"><span class='ocrx_word' id='word_1_12' title='bbox 147 425 285 489; x_wconf 75' lang='grc' dir='ltr'>αὐτὴ</span> <span class='ocrx_word' id='word_1_13' title='bbox 314 424 502 492; x_wconf 83' lang='grc' dir='ltr'>ἑταίρα</span> <span class='ocrx_word' id='word_1_14' title='bbox 540 425 686 491; x_wconf 82' lang='grc' dir='ltr'>καλη</span> <span class='ocrx_word' id='word_1_15' title='bbox 728 467 737 478; x_wconf 95' lang='grc'><strong>.</strong></span> <span class='ocrx_word' id='word_1_16' title='bbox 783 467 793 478; x_wconf 92' lang='grc'><strong><em>.</em></strong></span> <span class='ocrx_word' id='word_1_17' title='bbox 836 467 845 477; x_wconf 93' lang='grc'><strong>.</strong></span> <span class='ocrx_word' id='word_1_18' title='bbox 888 426 981 478; x_wconf 82' lang='grc' dir='ltr'>καὶ</span> <span class='ocrx_word' id='word_1_19' title='bbox 1023 428 1051 492; x_wconf 84' lang='grc' dir='ltr'>ἡ</span> <span class='ocrx_word' id='word_1_20' title='bbox 1093 428 1154 494; x_wconf 80' lang='grc' dir='ltr'>ἐξ</span> <span class='ocrx_word' id='word_1_21' title='bbox 1188 425 1416 495; x_wconf 84' lang='grc' dir='ltr'>Ἐρέσου</span> <span class='ocrx_word' id='word_1_22' title='bbox 1457 427 1513 480; x_wconf 86' lang='grc' dir='ltr'>δὲ</span> <span class='ocrx_word' id='word_1_23' title='bbox 1553 432 1649 494; x_wconf 87' lang='grc' dir='ltr'>τῆς</span> 
     </span>
     <span class='ocr_line' id='line_1_4' title="bbox 148 494 1651 569; baseline 0.001 -19"><span class='ocrx_word' id='word_1_24' title='bbox 148 497 379 567; x_wconf 86' lang='grc' dir='ltr'>&lt;ἑτέρας</span> <span class='ocrx_word' id='word_1_25' title='bbox 407 494 673 567; x_wconf 78' lang='grc' dir='ltr'>Σαπφοῦς</span> <span class='ocrx_word' id='word_1_26' title='bbox 711 495 1035 565; x_wconf 85' lang='grc' dir='ltr'>ὁμώνυμος&gt;</span> <span class='ocrx_word' id='word_1_27' title='bbox 1077 498 1305 569; x_wconf 81' lang='grc' dir='ltr'>ἑταίρα1</span> <span class='ocrx_word' id='word_1_28' title='bbox 1344 504 1440 552; x_wconf 89' lang='grc' dir='ltr'>τοῦ</span> <span class='ocrx_word' id='word_1_29' title='bbox 1471 505 1651 552; x_wconf 86' lang='grc' dir='ltr'>καλοῦ</span> 
     </span>
     <span class='ocr_line' id='line_1_5' title="bbox 149 570 1650 642; baseline 0.001 -19"><span class='ocrx_word' id='word_1_30' title='bbox 149 573 372 627; x_wconf 84' lang='grc' dir='ltr'>Φάωνος</span> <span class='ocrx_word' id='word_1_31' title='bbox 455 571 756 639; x_wconf 83' lang='grc' dir='ltr'>ἐρασθεῖσα</span> <span class='ocrx_word' id='word_1_32' title='bbox 836 570 1169 641; x_wconf 77' lang='grc' dir='ltr'>περιβόητος</span> <span class='ocrx_word' id='word_1_33' title='bbox 1233 580 1313 638; x_wconf 83' lang='grc' dir='ltr'>ὴν,</span> <span class='ocrx_word' id='word_1_34' title='bbox 1379 572 1447 630; x_wconf 86' lang='grc' dir='ltr'>ὥς</span> <span class='ocrx_word' id='word_1_35' title='bbox 1511 579 1650 642; x_wconf 83' lang='grc' dir='ltr'>φησι</span> 
     </span>
    </p>
   </div>
   <div class='ocr_carea' id='block_1_3' title="bbox 150 642 1034 714">
    <p class='ocr_par' dir='ltr' id='par_1_3' title="bbox 150 642 1034 714">
     <span class='ocr_line' id='line_1_6' title="bbox 150 642 1034 714; baseline 0.002 -17.146"><span class='ocrx_word' id='word_1_36' title='bbox 150 644 418 714; x_wconf 80' lang='grc' dir='ltr'>Νύμφις2</span> <span class='ocrx_word' id='word_1_37' title='bbox 445 643 498 696; x_wconf 86' lang='grc' dir='ltr'>ἐν</span> <span class='ocrx_word' id='word_1_38' title='bbox 526 643 794 713; x_wconf 78' lang='grc' dir='ltr'>Περίπλῳ</span> <span class='ocrx_word' id='word_1_39' title='bbox 823 642 1034 700; x_wconf 84' lang='grc' dir='ltr'>Ἀσίας.</span> 
     </span>
    </p>
   </div>
   <div class='ocr_carea' id='block_1_4' title="bbox 146 726 1655 2556">
    <p class='ocr_par' dir='ltr' id='par_1_4' title="bbox 146 726 1651 1017">
     <span class='ocr_line' id='line_1_7' title="bbox 221 726 1651 798; baseline 0 -18"><span class='ocrx_word' id='word_1_40' title='bbox 221 735 322 782; x_wconf 88' lang='lat' dir='ltr'><strong>Str.</strong></span> <span class='ocrx_word' id='word_1_41' title='bbox 369 735 446 781; x_wconf 78' lang='lat'>10.</span> <span class='ocrx_word' id='word_1_42' title='bbox 494 735 588 779; x_wconf 70' lang='lat'>452</span> <span class='ocrx_word' id='word_1_43' title='bbox 642 727 720 792; x_wconf 78' lang='grc' dir='ltr'>[π.</span> <span class='ocrx_word' id='word_1_44' title='bbox 775 726 1094 795; x_wconf 80' lang='grc' dir='ltr'>Λευκάδος]·</span> <span class='ocrx_word' id='word_1_45' title='bbox 1174 728 1290 798; x_wconf 80' lang='grc' dir='ltr'>ἔχει</span> <span class='ocrx_word' id='word_1_46' title='bbox 1343 727 1398 780; x_wconf 84' lang='grc' dir='ltr'>δὲ</span> <span class='ocrx_word' id='word_1_47' title='bbox 1451 726 1511 780; x_wconf 82' lang='grc' dir='ltr'>τὸ</span> <span class='ocrx_word' id='word_1_48' title='bbox 1556 732 1651 781; x_wconf 87' lang='grc' dir='ltr'>τοῦ</span> 
     </span>
     <span class='ocr_line' id='line_1_8' title="bbox 148 799 1650 869; baseline -0.001 -16"><span class='ocrx_word' id='word_1_49' title='bbox 148 801 406 854; x_wconf 81' lang='grc' dir='ltr'>Λευκάτα</span> <span class='ocrx_word' id='word_1_50' title='bbox 445 799 852 856; x_wconf 71' lang='grc' dir='ltr'>Λπόλλωνος</span> <span class='ocrx_word' id='word_1_51' title='bbox 834 800 976 869; x_wconf 82' lang='grc' dir='ltr'>ιερὸν</span> <span class='ocrx_word' id='word_1_52' title='bbox 1015 800 1108 853; x_wconf 85' lang='grc' dir='ltr'>καὶ</span> <span class='ocrx_word' id='word_1_53' title='bbox 1148 823 1208 852; x_wconf 89' lang='grc' dir='ltr'>το</span> <span class='ocrx_word' id='word_1_54' title='bbox 1236 800 1390 866; x_wconf 86' lang='grc' dir='ltr'>άλμα</span> <span class='ocrx_word' id='word_1_55' title='bbox 1430 799 1491 852; x_wconf 84' lang='grc' dir='ltr'>τὸ</span> <span class='ocrx_word' id='word_1_56' title='bbox 1526 800 1650 857; x_wconf 83' lang='grc' dir='ltr'>τοὺς</span> 
     </span>
     <span class='ocr_line' id='line_1_9' title="bbox 147 873 1651 941; baseline -0.001 -13"><span class='ocrx_word' id='word_1_57' title='bbox 147 875 351 940; x_wconf 76' lang='grc' dir='ltr'>ἔρωτας</span> <span class='ocrx_word' id='word_1_58' title='bbox 395 873 594 926; x_wconf 85' lang='grc' dir='ltr'>παύειν</span> <span class='ocrx_word' id='word_1_59' title='bbox 636 873 1089 941; x_wconf 88' lang='grc' dir='ltr'>πεπιστευμένον,</span> <span class='ocrx_word' id='word_1_60' title='bbox 1145 874 1259 925; x_wconf 73' lang='grc' dir='ltr'>Ὀὗ</span> <span class='ocrx_word' id='word_1_61' title='bbox 1311 873 1375 940; x_wconf 85' lang='grc' dir='ltr'>δὴ</span> <span class='ocrx_word' id='word_1_62' title='bbox 1425 873 1651 941; x_wconf 75' lang='grc' dir='ltr'>λέγεται</span> 
     </span>
     <span class='ocr_line' id='line_1_10' title="bbox 146 944 1332 1017; baseline -0.003 -16"><span class='ocrx_word' id='word_1_63' title='bbox 146 949 337 1017; x_wconf 82' lang='grc' dir='ltr'>πρώτη</span> <span class='ocrx_word' id='word_1_64' title='bbox 365 944 619 1014; x_wconf 82' lang='grc' dir='ltr'>Σαπφώ,’</span> <span class='ocrx_word' id='word_1_65' title='bbox 648 944 716 1002; x_wconf 89' lang='grc' dir='ltr'>ὥς</span> <span class='ocrx_word' id='word_1_66' title='bbox 744 950 915 1015; x_wconf 85' lang='grc' dir='ltr'>φησιν</span> <span class='ocrx_word' id='word_1_67' title='bbox 945 945 969 998; x_wconf 87' lang='grc' dir='ltr'>ὁ</span> <span class='ocrx_word' id='word_1_68' title='bbox 1000 946 1332 1016; x_wconf 68' lang='grc' dir='ltr'>Μένανδρος,</span> 
     </span>
    </p>

    <p class='ocr_par' dir='ltr' id='par_1_5' title="bbox 439 1030 1379 1101">
     <span class='ocr_line' id='line_1_11' title="bbox 439 1030 1379 1101; baseline 0 -17"><span class='ocrx_word' id='word_1_69' title='bbox 439 1031 532 1084; x_wconf 85' lang='grc' dir='ltr'>τὸν</span> <span class='ocrx_word' id='word_1_70' title='bbox 561 1030 915 1101; x_wconf 77' lang='grc' dir='ltr'>ὑπέρκομπον</span> <span class='ocrx_word' id='word_1_71' title='bbox 941 1032 1168 1101; x_wconf 78' lang='grc' dir='ltr'>θηρῶσα</span> <span class='ocrx_word' id='word_1_72' title='bbox 1198 1032 1379 1084; x_wconf 79' lang='grc' dir='ltr'>Φάων’</span> 
     </span>
    </p>

    <p class='ocr_par' dir='ltr' id='par_1_6' title="bbox 438 1104 1336 1174">
     <span class='ocr_line' id='line_1_12' title="bbox 438 1104 1336 1174; baseline 0 -17"><span class='ocrx_word' id='word_1_73' title='bbox 438 1105 727 1174; x_wconf 85' lang='grc' dir='ltr'>οἰστρῶντι</span> <span class='ocrx_word' id='word_1_74' title='bbox 755 1104 910 1173; x_wconf 81' lang='grc' dir='ltr'>πόθῳ</span> <span class='ocrx_word' id='word_1_75' title='bbox 936 1105 1105 1173; x_wconf 74' lang='grc' dir='ltr'>ῥῖψαι</span> <span class='ocrx_word' id='word_1_76' title='bbox 1132 1104 1336 1174; x_wconf 84' lang='grc' dir='ltr'>πέτρας</span> 
     </span>
    </p>

    <p class='ocr_par' dir='ltr' id='par_1_7' title="bbox 437 1175 1474 1248">
     <span class='ocr_line' id='line_1_13' title="bbox 437 1175 1474 1248; baseline 0.001 -19"><span class='ocrx_word' id='word_1_77' title='bbox 437 1178 548 1230; x_wconf 78' lang='grc' dir='ltr'>ἀπὸ</span> <span class='ocrx_word' id='word_1_78' title='bbox 578 1182 936 1246; x_wconf 84' lang='grc' dir='ltr'>τηλεφανοῦς·</span> <span class='ocrx_word' id='word_1_79' title='bbox 979 1177 1133 1229; x_wconf 83' lang='grc' dir='ltr'>ἀλλὰ</span> <span class='ocrx_word' id='word_1_80' title='bbox 1160 1175 1278 1229; x_wconf 83' lang='grc' dir='ltr'>κατ’</span> <span class='ocrx_word' id='word_1_81' title='bbox 1307 1177 1474 1248; x_wconf 80' lang='grc' dir='ltr'>εὐχὴν</span> 
     </span>
    </p>

    <p class='ocr_par' dir='ltr' id='par_1_8' title="bbox 441 1249 1371 1319">
     <span class='ocr_line' id='line_1_14' title="bbox 441 1249 1371 1319; baseline -0.001 -16"><span class='ocrx_word' id='word_1_82' title='bbox 441 1250 554 1310; x_wconf 86' lang='grc' dir='ltr'>σόν,</span> <span class='ocrx_word' id='word_1_83' title='bbox 586 1250 806 1303; x_wconf 83' lang='grc' dir='ltr'>δέσποτ’</span> <span class='ocrx_word' id='word_1_84' title='bbox 837 1250 992 1317; x_wconf 80' lang='grc' dir='ltr'>ἄναξ,</span> <span class='ocrx_word' id='word_1_85' title='bbox 1021 1249 1371 1319; x_wconf 81' lang='grc' dir='ltr'>εὐφημείσθω</span> 
     </span>
    </p>

    <p class='ocr_par' dir='ltr' id='par_1_9' title="bbox 148 1323 1651 2206">
     <span class='ocr_line' id='line_1_15' title="bbox 437 1323 1354 1393; baseline -0.001 -17"><span class='ocrx_word' id='word_1_86' title='bbox 437 1324 653 1392; x_wconf 84' lang='grc' dir='ltr'>τέμενος</span> <span class='ocrx_word' id='word_1_87' title='bbox 680 1323 803 1393; x_wconf 88' lang='grc' dir='ltr'>περὶ</span> <span class='ocrx_word' id='word_1_88' title='bbox 829 1323 1109 1379; x_wconf 77' lang='grc' dir='ltr'>Λευκάδος</span> <span class='ocrx_word' id='word_1_89' title='bbox 1137 1324 1354 1389; x_wconf 80' lang='grc' dir='ltr'>ἀκτῆς.3</span> 
     </span>
     <span class='ocr_line' id='line_1_16' title="bbox 151 1408 1650 1478; baseline -0.001 -14"><span class='ocrx_word' id='word_1_90' title='bbox 151 1410 300 1476; x_wconf 85' lang='grc' dir='ltr'>ὁμὲν</span> <span class='ocrx_word' id='word_1_91' title='bbox 335 1410 425 1463; x_wconf 77' lang='grc' dir='ltr'>οὖν</span> <span class='ocrx_word' id='word_1_92' title='bbox 466 1408 784 1478; x_wconf 61' lang='grc' dir='ltr'>λἸένανδρος</span> <span class='ocrx_word' id='word_1_93' title='bbox 824 1408 1047 1478; x_wconf 84' lang='grc' dir='ltr'>πρώτην</span> <span class='ocrx_word' id='word_1_94' title='bbox 1082 1409 1325 1461; x_wconf 82' lang='grc' dir='ltr'>ἁλέσθαι</span> <span class='ocrx_word' id='word_1_95' title='bbox 1365 1409 1512 1477; x_wconf 78' lang='grc' dir='ltr'>λέγει</span> <span class='ocrx_word' id='word_1_96' title='bbox 1553 1408 1650 1476; x_wconf 82' lang='grc' dir='ltr'>τὴν</span> 
     </span>
     <span class='ocr_line' id='line_1_17' title="bbox 148 1481 1651 1553; baseline -0.001 -17"><span class='ocrx_word' id='word_1_97' title='bbox 148 1483 383 1553; x_wconf 80' lang='grc' dir='ltr'>Σαπφώ,</span> <span class='ocrx_word' id='word_1_98' title='bbox 438 1483 488 1534; x_wconf 89' lang='grc' dir='ltr'>οἱ</span> <span class='ocrx_word' id='word_1_99' title='bbox 541 1482 585 1533; x_wconf 82' lang='grc' dir='ltr'>δ’</span> <span class='ocrx_word' id='word_1_100' title='bbox 638 1483 718 1534; x_wconf 79' lang='grc' dir='ltr'>ἔτι</span> <span class='ocrx_word' id='word_1_101' title='bbox 769 1481 1332 1552; x_wconf 76' lang='grc' dir='ltr'>ἀρχαιολογικώτεροι</span> <span class='ocrx_word' id='word_1_102' title='bbox 1388 1482 1651 1552; x_wconf 85' lang='grc' dir='ltr'>Κέφαλὸν</span> 
     </span>
     <span class='ocr_line' id='line_1_18' title="bbox 148 1554 1650 1626; baseline -0.001 -18"><span class='ocrx_word' id='word_1_103' title='bbox 148 1562 321 1626; x_wconf 91' lang='grc' dir='ltr'>φασιν</span> <span class='ocrx_word' id='word_1_104' title='bbox 365 1555 671 1625; x_wconf 85' lang='grc' dir='ltr'>ἐρασθέντα</span> <span class='ocrx_word' id='word_1_105' title='bbox 714 1555 966 1624; x_wconf 83' lang='grc' dir='ltr'>Πτερέλα</span> <span class='ocrx_word' id='word_1_106' title='bbox 995 1555 1088 1608; x_wconf 84' lang='grc' dir='ltr'>τὸν</span> <span class='ocrx_word' id='word_1_107' title='bbox 1129 1554 1412 1619; x_wconf 82' lang='grc' dir='ltr'>Δηιονέως.</span> <span class='ocrx_word' id='word_1_108' title='bbox 1490 1554 1554 1620; x_wconf 81' lang='grc' dir='ltr'>ἣν</span> <span class='ocrx_word' id='word_1_109' title='bbox 1595 1555 1650 1607; x_wconf 82' lang='grc' dir='ltr'>δὲ</span> 
     </span>
     <span class='ocr_line' id='line_1_19' title="bbox 153 1626 1649 1698; baseline -0.001 -17"><span class='ocrx_word' id='word_1_110' title='bbox 153 1630 244 1681; x_wconf 87' lang='grc' dir='ltr'>καὶ</span> <span class='ocrx_word' id='word_1_111' title='bbox 282 1629 517 1698; x_wconf 89' lang='grc' dir='ltr'>πάτριον</span> <span class='ocrx_word' id='word_1_112' title='bbox 556 1631 668 1683; x_wconf 83' lang='grc' dir='ltr'>τοῖς</span> <span class='ocrx_word' id='word_1_113' title='bbox 707 1628 1027 1684; x_wconf 78' lang='grc' dir='ltr'>Λευκαδίοις</span> <span class='ocrx_word' id='word_1_114' title='bbox 1067 1627 1187 1679; x_wconf 85' lang='grc' dir='ltr'>κατ’</span> <span class='ocrx_word' id='word_1_115' title='bbox 1215 1626 1461 1680; x_wconf 84' lang='grc' dir='ltr'>ἐνιαυτὸν</span> <span class='ocrx_word' id='word_1_116' title='bbox 1489 1628 1544 1679; x_wconf 82' lang='grc' dir='ltr'>ἐν</span> <span class='ocrx_word' id='word_1_117' title='bbox 1583 1632 1649 1697; x_wconf 86' lang='grc' dir='ltr'>τῇ</span> 
     </span>
     <span class='ocr_line' id='line_1_20' title="bbox 151 1699 1655 1767; baseline -0.001 -13"><span class='ocrx_word' id='word_1_118' title='bbox 151 1700 318 1754; x_wconf 82' lang='grc' dir='ltr'>θυσία</span> <span class='ocrx_word' id='word_1_119' title='bbox 345 1705 442 1753; x_wconf 86' lang='grc' dir='ltr'>τοῦ</span> <span class='ocrx_word' id='word_1_120' title='bbox 467 1699 954 1756; x_wconf 73' lang='grc' dir='ltr'>’Λπόλλωνοςαπὸ</span> <span class='ocrx_word' id='word_1_121' title='bbox 986 1723 1080 1766; x_wconf 79' lang='grc' dir='ltr'>της</span> <span class='ocrx_word' id='word_1_122' title='bbox 1097 1705 1312 1766; x_wconf 90' lang='grc' dir='ltr'>σκοπῆς</span> <span class='ocrx_word' id='word_1_123' title='bbox 1328 1700 1655 1767; x_wconf 85' lang='grc' dir='ltr'>ῥιπτεῖσθαί</span> 
     </span>
     <span class='ocr_line' id='line_1_21' title="bbox 151 1772 1647 1842; baseline -0.001 -16"><span class='ocrx_word' id='word_1_124' title='bbox 151 1798 273 1827; x_wconf 85' lang='grc' dir='ltr'>τινα</span> <span class='ocrx_word' id='word_1_125' title='bbox 327 1797 435 1826; x_wconf 88' lang='grc' dir='ltr'>των</span> <span class='ocrx_word' id='word_1_126' title='bbox 485 1774 537 1826; x_wconf 88' lang='grc' dir='ltr'>ἐν</span> <span class='ocrx_word' id='word_1_127' title='bbox 595 1772 796 1829; x_wconf 84' lang='grc' dir='ltr'>αἰτίαις</span> <span class='ocrx_word' id='word_1_128' title='bbox 853 1775 1022 1825; x_wconf 82' lang='grc' dir='ltr'>ὄντων</span> <span class='ocrx_word' id='word_1_129' title='bbox 1085 1774 1408 1841; x_wconf 80' lang='grc' dir='ltr'>ἀποτροπῆς</span> <span class='ocrx_word' id='word_1_130' title='bbox 1466 1773 1647 1842; x_wconf 85' lang='grc' dir='ltr'>χάριν,</span> 
     </span>
     <span class='ocr_line' id='line_1_22' title="bbox 148 1845 1649 1937; baseline -0.001 -38"><span class='ocrx_word' id='word_1_131' title='bbox 148 1846 531 1937; x_wconf 80' lang='grc' dir='ltr'>ἐξαπτομένων</span> <span class='ocrx_word' id='word_1_132' title='bbox 575 1846 634 1912; x_wconf 82' lang='grc' dir='ltr'>ἐξ</span> <span class='ocrx_word' id='word_1_133' title='bbox 684 1847 852 1898; x_wconf 82' lang='grc' dir='ltr'>αὐτοῦ</span> <span class='ocrx_word' id='word_1_134' title='bbox 899 1845 1271 1898; x_wconf 84' lang='grc' dir='ltr'>παντοδαπῶν</span> <span class='ocrx_word' id='word_1_135' title='bbox 1317 1846 1649 1912; x_wconf 68' lang='grc' dir='ltr'>πτερωτῶν4</span> 
     </span>
     <span class='ocr_line' id='line_1_23' title="bbox 148 1917 1650 1988; baseline -0.001 -17"><span class='ocrx_word' id='word_1_136' title='bbox 148 1921 241 1972; x_wconf 84' lang='grc' dir='ltr'>καὶ</span> <span class='ocrx_word' id='word_1_137' title='bbox 271 1919 464 1988; x_wconf 85' lang='grc' dir='ltr'>ὀρνέων</span> <span class='ocrx_word' id='word_1_138' title='bbox 492 1919 873 1987; x_wconf 83' lang='grc' dir='ltr'>ἀνακουφίζειν</span> <span class='ocrx_word' id='word_1_139' title='bbox 915 1918 1220 1984; x_wconf 83' lang='grc' dir='ltr'>δυναμένων</span> <span class='ocrx_word' id='word_1_140' title='bbox 1257 1921 1322 1986; x_wconf 77' lang='grc' dir='ltr'>τῇ</span> <span class='ocrx_word' id='word_1_141' title='bbox 1359 1940 1560 1983; x_wconf 77' lang='grc' dir='ltr'>πτησει</span> <span class='ocrx_word' id='word_1_142' title='bbox 1588 1917 1650 1971; x_wconf 85' lang='grc' dir='ltr'>τὸ</span> 
     </span>
     <span class='ocr_line' id='line_1_24' title="bbox 150 1990 1648 2061; baseline -0.001 -16"><span class='ocrx_word' id='word_1_143' title='bbox 150 1993 320 2059; x_wconf 82' lang='grc' dir='ltr'>ἅλμα,</span> <span class='ocrx_word' id='word_1_144' title='bbox 387 1991 762 2061; x_wconf 80' lang='grc' dir='ltr'>ὑποδέχεσθαι</span> <span class='ocrx_word' id='word_1_145' title='bbox 834 1990 889 2043; x_wconf 82' lang='grc' dir='ltr'>δὲ</span> <span class='ocrx_word' id='word_1_146' title='bbox 953 1991 1101 2043; x_wconf 90' lang='grc' dir='ltr'>κάτω</span> <span class='ocrx_word' id='word_1_147' title='bbox 1167 1995 1385 2060; x_wconf 85' lang='grc' dir='ltr'>μικραῖς</span> <span class='ocrx_word' id='word_1_148' title='bbox 1449 1991 1648 2043; x_wconf 86' lang='grc' dir='ltr'>ἁλιάσι</span> 
     </span>
     <span class='ocr_line' id='line_1_25' title="bbox 151 2062 1649 2134; baseline 0.001 -18"><span class='ocrx_word' id='word_1_149' title='bbox 151 2064 336 2133; x_wconf 82' lang='grc' dir='ltr'>κύκλῳ</span> <span class='ocrx_word' id='word_1_150' title='bbox 379 2068 750 2132; x_wconf 83' lang='grc' dir='ltr'>περιεστῶτας</span> <span class='ocrx_word' id='word_1_151' title='bbox 791 2063 1039 2120; x_wconf 85' lang='grc' dir='ltr'>πολλοὺς</span> <span class='ocrx_word' id='word_1_152' title='bbox 1078 2063 1172 2116; x_wconf 87' lang='grc' dir='ltr'>καὶ</span> <span class='ocrx_word' id='word_1_153' title='bbox 1213 2062 1533 2134; x_wconf 77' lang='grc' dir='ltr'>περισῴζειν</span> <span class='ocrx_word' id='word_1_154' title='bbox 1576 2063 1649 2119; x_wconf 89' lang='grc' dir='ltr'>εἰς</span> 
     </span>
     <span class='ocr_line' id='line_1_26' title="bbox 150 2134 1366 2206; baseline -0.002 -17"><span class='ocrx_word' id='word_1_155' title='bbox 150 2139 373 2203; x_wconf 82' lang='grc' dir='ltr'>δύναμιν</span> <span class='ocrx_word' id='word_1_156' title='bbox 403 2141 508 2189; x_wconf 90' lang='grc' dir='ltr'>τῶν</span> <span class='ocrx_word' id='word_1_157' title='bbox 538 2137 675 2206; x_wconf 87' lang='grc' dir='ltr'>ὅρων</span> <span class='ocrx_word' id='word_1_158' title='bbox 704 2136 804 2204; x_wconf 80' lang='grc' dir='ltr'>ἔξω</span> <span class='ocrx_word' id='word_1_159' title='bbox 835 2135 927 2188; x_wconf 83' lang='grc' dir='ltr'>τὸν</span> <span class='ocrx_word' id='word_1_160' title='bbox 954 2134 1366 2206; x_wconf 78' lang='grc' dir='ltr'>ἀναληφθέντα.</span> 
     </span>
    </p>

    <p class='ocr_par' dir='ltr' id='par_1_10' title="bbox 151 2222 1651 2556">
     <span class='ocr_line' id='line_1_27' title="bbox 220 2222 1649 2284; baseline -0.003 -13"><span class='ocrx_word' id='word_1_161' title='bbox 220 2225 358 2271; x_wconf 84' lang='lat' dir='ltr'><strong>Serv.</strong></span> <span class='ocrx_word' id='word_1_162' title='bbox 402 2224 551 2284; x_wconf 78' lang='lat' dir='ltr'><strong>Verg.</strong></span> <span class='ocrx_word' id='word_1_163' title='bbox 590 2224 705 2270; x_wconf 77' lang='lat' dir='ltr'>Aen.</span> <span class='ocrx_word' id='word_1_164' title='bbox 736 2223 781 2271; x_wconf 79' lang='lat'>3.</span> <span class='ocrx_word' id='word_1_165' title='bbox 813 2224 906 2270; x_wconf 74' lang='lat'>279</span> <span class='ocrx_word' id='word_1_166' title='bbox 983 2222 1153 2268; x_wconf 82' lang='lat' dir='ltr'>Phaon</span> <span class='ocrx_word' id='word_1_167' title='bbox 1191 2239 1304 2268; x_wconf 85' lang='lat' dir='ltr'>cum</span> <span class='ocrx_word' id='word_1_168' title='bbox 1341 2229 1477 2268; x_wconf 85' lang='lat' dir='ltr'><strong>esset</strong></span> <span class='ocrx_word' id='word_1_169' title='bbox 1513 2225 1649 2267; x_wconf 85' lang='lat' dir='ltr'><strong>navi-</strong></span> 
     </span>
     <span class='ocr_line' id='line_1_28' title="bbox 151 2291 1650 2351; baseline -0.001 -13"><span class='ocrx_word' id='word_1_170' title='bbox 151 2292 364 2338; x_wconf 81' lang='lat' dir='ltr'><strong>cularius</strong></span> <span class='ocrx_word' id='word_1_171' title='bbox 403 2291 578 2337; x_wconf 80' lang='lat' dir='ltr'><strong>solitus</strong></span> <span class='ocrx_word' id='word_1_172' title='bbox 620 2308 648 2336; x_wconf 82' lang='lat' dir='ltr'><strong>a</strong></span> <span class='ocrx_word' id='word_1_173' title='bbox 690 2291 854 2336; x_wconf 83' lang='lat' dir='ltr'>Lesbo</span> <span class='ocrx_word' id='word_1_174' title='bbox 902 2294 952 2335; x_wconf 95' lang='lat' dir='ltr'>in</span> <span class='ocrx_word' id='word_1_175' title='bbox 1001 2294 1352 2336; x_wconf 84' lang='lat' dir='ltr'><strong>continentem</strong></span> <span class='ocrx_word' id='word_1_176' title='bbox 1399 2293 1650 2351; x_wconf 77' lang='lat' dir='ltr'><strong>proximos</strong></span> 
     </span>
     <span class='ocr_line' id='line_1_29' title="bbox 152 2358 1648 2422; baseline -0.001 -17"><span class='ocrx_word' id='word_1_177' title='bbox 152 2376 376 2422; x_wconf 78' lang='lat' dir='ltr'><strong>quosque</strong></span> <span class='ocrx_word' id='word_1_178' title='bbox 425 2358 659 2404; x_wconf 78' lang='lat' dir='ltr'><strong>mercede</strong></span> <span class='ocrx_word' id='word_1_179' title='bbox 708 2358 1035 2404; x_wconf 79' lang='lat' dir='ltr'><strong>transvehere</strong></span> <span class='ocrx_word' id='word_1_180' title='bbox 1098 2358 1350 2404; x_wconf 87' lang='lat' dir='ltr'><strong>Venerem</strong></span> <span class='ocrx_word' id='word_1_181' title='bbox 1401 2363 1648 2403; x_wconf 81' lang='lat' dir='ltr'><strong>mutatam</strong></span> 
     </span>
     <span class='ocr_line' id='line_1_30' title="bbox 154 2426 1650 2487; baseline -0.002 -14"><span class='ocrx_word' id='word_1_182' title='bbox 154 2432 204 2473; x_wconf 92' lang='lat' dir='ltr'>in</span> <span class='ocrx_word' id='word_1_183' title='bbox 230 2431 372 2473; x_wconf 79' lang='lat' dir='ltr'><strong>anuis</strong></span> <span class='ocrx_word' id='word_1_184' title='bbox 398 2426 608 2471; x_wconf 84' lang='lat' dir='ltr'><strong>formam</strong></span> <span class='ocrx_word' id='word_1_185' title='bbox 625 2430 780 2487; x_wconf 83' lang='lat' dir='ltr'><strong>gratis</strong></span> <span class='ocrx_word' id='word_1_186' title='bbox 805 2429 1099 2473; x_wconf 80' lang='lat' dir='ltr'><strong>transvexit.</strong></span> <span class='ocrx_word' id='word_1_187' title='bbox 1173 2431 1480 2487; x_wconf 87' lang='lat' dir='ltr'><strong>quapropter</strong></span> <span class='ocrx_word' id='word_1_188' title='bbox 1502 2426 1566 2470; x_wconf 86' lang='lat' dir='ltr'>ab</span> <span class='ocrx_word' id='word_1_189' title='bbox 1592 2441 1650 2471; x_wconf 85' lang='lat' dir='ltr'>ea</span> 
     </span>
     <span class='ocr_line' id='line_1_31' title="bbox 153 2492 1651 2556; baseline -0.002 -15"><span class='ocrx_word' id='word_1_190' title='bbox 153 2496 368 2541; x_wconf 85' lang='lat' dir='ltr'><strong>donatus</strong></span> <span class='ocrx_word' id='word_1_191' title='bbox 404 2498 653 2556; x_wconf 85' lang='lat' dir='ltr'><strong>unguenti</strong></span> <span class='ocrx_word' id='word_1_192' title='bbox 691 2494 954 2550; x_wconf 77' lang='lat' dir='ltr'><strong>alabastro,</strong></span> <span class='ocrx_word' id='word_1_193' title='bbox 995 2510 1107 2538; x_wconf 86' lang='lat' dir='ltr'>cum</span> <span class='ocrx_word' id='word_1_194' title='bbox 1146 2509 1198 2538; x_wconf 87' lang='lat' dir='ltr'>se</span> <span class='ocrx_word' id='word_1_195' title='bbox 1236 2492 1398 2538; x_wconf 86' lang='lat' dir='ltr'><strong>indies</strong></span> <span class='ocrx_word' id='word_1_196' title='bbox 1433 2492 1651 2538; x_wconf 84' lang='lat' dir='ltr'><strong>inditum</strong></span> 
     </span>
    </p>
   </div>
   <div class='ocr_carea' id='block_1_5' title="bbox 159 2612 1649 2757">
    <p class='ocr_par' dir='ltr' id='par_1_11' title="bbox 159 2612 1649 2757">
     <span class='ocr_line' id='line_1_32' title="bbox 208 2612 1649 2665; baseline 0 -12"><span class='ocrx_word' id='word_1_197' title='bbox 208 2615 221 2638; x_wconf 89' lang='lat'>¹</span> <span class='ocrx_word' id='word_1_198' title='bbox 255 2613 381 2653; x_wconf 81' lang='lat' dir='ltr'>Kaib.</span> <span class='ocrx_word' id='word_1_199' title='bbox 409 2615 489 2653; x_wconf 77' lang='lat' dir='ltr'>-Ez</span> <span class='ocrx_word' id='word_1_200' title='bbox 521 2626 605 2652; x_wconf 68' lang='lat' dir='ltr'>mss</span> <span class='ocrx_word' id='word_1_201' title='bbox 626 2616 699 2661; x_wconf 80' lang='grc' dir='ltr'>τῆς</span> <span class='ocrx_word' id='word_1_202' title='bbox 723 2614 881 2663; x_wconf 50' lang='grc' dir='ltr'>ἑταίρας</span> <span class='ocrx_word' id='word_1_203' title='bbox 906 2615 1052 2661; x_wconf 57' lang='grc' dir='ltr'>Σαπφὼ</span> <span class='ocrx_word' id='word_1_204' title='bbox 1207 2612 1224 2636; x_wconf 81' lang='lat'>²</span> <span class='ocrx_word' id='word_1_205' title='bbox 1254 2612 1359 2652; x_wconf 88' lang='lat' dir='ltr'>Wil.</span> <span class='ocrx_word' id='word_1_206' title='bbox 1383 2613 1649 2665; x_wconf 84' lang='grc' dir='ltr'>Νυμφόδωρος</span> 
     </span>
     <span class='ocr_line' id='line_1_33' title="bbox 159 2711 248 2757; baseline -0.011 -15"><span class='ocrx_word' id='word_1_207' title='bbox 159 2713 175 2742; x_wconf 93' lang='lat'>1</span> <span class='ocrx_word' id='word_1_208' title='bbox 189 2711 248 2757; x_wconf 86' lang='lat'>50</span> 
     </span>
    </p>
   </div>
  </div>
 </body>
</html>
