1704 2937
670 268 855 313 LYRA
907 268 1188 314 GRAECA

874 400 967 445 139

221 499 327 538 Ath.
369 502 403 538 l.
440 499 487 538 31
506 512 527 537 e
563 500 621 547 [π.
658 497 806 547 οἶνῶν]·
879 499 1062 547 Ἀλκμὰν
1096 497 1141 537 δέ
1173 515 1248 538 που
1289 500 1439 549 ἄπυρον
1477 498 1585 538 οἶνον
1613 499 1678 538 καὶ

167 555 304 594 ἄνθεος
327 553 501 594 ὄσδοντά
522 562 624 603 φησι
653 555 727 592 τὸν
758 555 803 591 ἐκ
833 550 961 593 Πέντε
982 552 1137 603 λόφων,
1164 554 1208 593 ὅς
1227 555 1317 593 ἐστι
1347 552 1473 593 τόπος
1493 551 1679 604 Σπάρτης

166 607 333 658 ἀπέχων
362 607 508 649 στάδια
539 606 655 655 ἑπτά,
691 608 754 647 καὶ
784 609 858 647 τὸν
881 609 924 646 ἐκ
954 606 1192 655 Δενθιάδων,
1229 605 1427 661 ἐρύματός
1453 623 1576 656 τινος,
1613 609 1677 648 καὶ

165 666 238 703 τὸν
260 666 303 703 ἐκ
326 663 550 714 Καρύστου,
577 663 620 703 ὅς
641 665 731 702 ἐστι
751 663 932 710 πλησίον
951 661 1199 714 Ἀρκαδίας,1
1218 665 1282 703 καὶ
1303 664 1378 702 τὸν
1399 664 1441 712 ἐξ
1461 662 1679 703 Οἰνοῦντος

166 720 230 758 καὶ
259 720 333 758 τὸν
355 721 395 769 ἐξ
415 716 628 769 Ὀνόγλων
649 718 712 757 καὶ
736 722 941 767 Σταθμῶν·
975 717 1104 768 χωρία
1126 717 1169 757 δὲ
1188 721 1319 757 ταῦτα
1347 716 1480 757 πάντα
1499 716 1678 765 πλησίον

166 772 353 822 Πιτάνης·
388 774 515 824 φησὶν
535 772 605 812 οὖν
626 773 734 812 οἶνον
755 774 788 810 δ’
810 771 1096 812 Οἰνουντιάδαν
1124 773 1149 819 ἢ
1180 772 1327 811 Δένθιν
1356 773 1380 820 ἢ
1405 771 1633 823 Καρύστιον
1651 772 1675 819 ἢ

157 828 358 880 ’Ὁνογλιν
372 828 389 853 ²
409 830 432 876 ἢ
455 826 696 877 Σταθμίταν·
731 827 882 877 ἄπυρον
903 825 945 866 δὲ
967 827 1054 866 εἶπε
1074 828 1150 866 τὸν
1169 829 1249 878 οὐχ
1268 825 1489 878 ἡψημένον.

311 940 341 966 6·
360 940 395 977 9-
455 923 668 994 ἄπυρον
696 946 753 976 τε
782 928 966 977 Ι-ὀῐνον
994 923 1220 981 κᾶνθεος

349 981 354 1141 Ι
455 996 713 1056 ὄσδοντα,
743 996 835 1049 τὸν
861 996 956 1064 μὲν
984 995 1161 1049 Πέντε
1187 994 1394 1066 λόφων,

456 1070 548 1123 τὸν
577 1069 632 1122 δὲ
661 1069 754 1122 τὸν
780 1069 1203 1122 Ἑοινουντιάδαν

349 1152 355 1271 Ι
454 1143 488 1209 ἢ
516 1143 710 1194 Δένθιν
738 1142 772 1208 ἢ
800 1141 1117 1211 Καρύστιον
1143 1141 1178 1207 ἢ

449 1214 718 1283 ”Ονογλιν
746 1215 778 1281 ἢ
807 1214 1142 1282 Σταθμίταν.

868 1451 962 1495 140

216 1548 407 1600 Hesych.
473 1547 733 1598 κλεψίαμβοι·
765 1546 1056 1609 Ἀριστόξενος·
1089 1548 1198 1598 μέλη
1218 1549 1308 1588 τινὰ
1329 1551 1418 1600 παρ’
1441 1551 1652 1599 Ἀλκμᾶνι.

868 1793 954 1837 141

215 1890 322 1931 Ath.
353 1893 412 1930 14.
439 1892 518 1930 648
533 1889 559 1929 b
615 1889 772 1929 πόλτου
795 1888 837 1929 δὲ
857 1889 1096 1939 μνημονεύει
1118 1890 1300 1939 Ἀλκμὰν
1321 1890 1460 1929 οὕτως·

354 1977 455 2044 ἤδη
485 1976 712 2046 παρέξει
740 1974 973 2028 πυάνιόν
1002 1998 1060 2028 τε
1087 1975 1299 2028 πόλτον

353 2049 546 2120 χίδρον
574 2072 632 2102 τε
658 2048 856 2102 λευκὸν
883 2047 1109 2116 κηρίναν
1136 2048 1185 2100 θ’
1214 2046 1447 2116 ὁπάραν·
1465 2047 1488 2080 3

159 2153 249 2192 ἔστι
289 2153 332 2192 δὲ
370 2155 419 2192 τὸ
457 2152 637 2201 πυάνιον,
681 2154 731 2192 ὥς
767 2162 869 2202 φησι
907 2151 1119 2199 Σωσίβιος,
1162 2151 1416 2204 πανσπερμία
1452 2154 1494 2191 ἐν
1523 2157 1673 2203 γλυκεῖ

158 2206 358 2276 ἡψημένη,
393 2207 535 2259 χίδρον
565 2207 608 2247 δὲ
639 2209 675 2246 οἱ
708 2208 819 2258 ἑφθοὶ
850 2206 978 2258 πυροί,
1013 2206 1175 2259 κηρίναν
1204 2204 1247 2246 δὲ
1277 2208 1435 2260 ὀπώραν
1474 2208 1591 2258 λέγει
1619 2209 1669 2248 τὸ

159 2272 266 2313 μελι.

213 2399 229 2423 ¹
258 2401 322 2440 καὶ
362 2401 435 2439 τὸν
476 2402 519 2439 ἐκ
568 2405 662 2450 Καρ.
689 2423 738 2427 ——
761 2399 969 2451 Ἀρκαδίας
1017 2404 1182 2452 transp.
1236 2399 1356 2440 Pors.
1401 2399 1514 2439 from
1551 2400 1667 2440 after

159 2456 386 2505 Σταθμίταν
523 2452 540 2476 2
569 2454 623 2492 cf.
665 2453 855 2506 Hesych.
902 2454 1072 2504 ὅνιγλιν·
1111 2455 1215 2494 εἶδος
1248 2458 1356 2494 οἴνου
1386 2454 1474 2494 and
1508 2453 1662 2496 Δένθις·

158 2512 275 2550 οἶνος·
307 2513 492 2549 Λακῶνες
628 2509 644 2532 ³
674 2508 727 2547 Cf.
758 2510 858 2550 137:
891 2521 978 2548 mss
998 2511 1036 2547 τ’
1066 2509 1225 2560 ὀπώραν

212 2600 228 2623 1
256 2578 309 2639 ef.
347 2575 598 2639 strabfios
626 2576 878 2647 446s13ust.
912 2599 968 2637 Η.
1000 2599 1091 2637 281.
1121 2576 1185 2646 16,
1213 2599 1326 2638 1449.
1357 2599 1418 2649 12,
1447 2578 1565 2640 1633}
1590 2578 1657 2647 51}

158 2654 307 2706 Steph.
335 2654 437 2706 Byz.
466 2652 675 2703 Κάρυστος
789 2652 805 2676 ²
834 2653 958 2692 these
983 2651 1141 2692 iambic
1160 2652 1403 2704 fragments
1423 2667 1524 2706 may
1544 2653 1598 2694 be
1617 2654 1662 2694 of

162 2749 254 2790 124
