1704 2937
673 231 857 278 LYRA
908 232 1184 278 GRAECA

886 493 952 544 A'

689 631 710 675 1
792 632 852 680 εἷς
878 628 1164 691 Ἀφροδίτην

218 739 345 779 Dion
368 739 426 779 H.
452 741 588 791 Comp.
615 742 667 781 ’23
725 741 747 788 ἡ
782 741 823 779 δὲ
855 742 1045 792 ’γλαφυρὰ
1076 740 1138 779 καὶ
1170 739 1318 791 ἀνθηρὰ
1349 738 1536 779 σύνθεσις
1565 769 1575 780 .
1612 770 1624 780 .
1655 770 1664 779 .

165 797 404 846 χαρακτῆρα
436 794 591 834 τοιόνδξ
625 796 727 845 ἔχει·
763 825 771 834 .
806 826 815 834 .
850 826 858 834 .
891 795 1114 835 ἀκόλουθον
1149 796 1182 833 δ’
1215 796 1264 834 ἂν
1297 798 1359 842 εἴη
1397 793 1461 834 καὶ
1495 794 1590 834 τοὺς
1628 795 1672 833 ἐν

164 852 264 902 αὐτῇ
300 850 613 901 πρωτεύσαντας
648 850 1038 899 καταριθμήσασθαι.
1099 851 1296 888 ἐποποιῶν
1325 849 1400 899 μὲν
1431 848 1501 889 οὖν
1534 848 1670 899 ἔμοιγε

164 903 375 944 κάλλιστα
404 906 566 944 τουτονὶ
599 908 708 944 δοκεῖ
744 906 816 944 τὸν
857 907 1097 954 χαρακτῆρα
1138 902 1430 955 ἐξεργάσασθαι
1469 903 1666 952 Ἡσίοδος,

161 963 388 1008 μελοποιῶν
409 961 451 999 δὲ
481 961 645 1010 Σαπφώ,
673 960 735 998 καὶ
766 962 855 1007 μετ’
878 961 1004 1007 αὐτὴν
1024 959 1248 1010 Ἀνακρέων
1271 975 1317 998 τε
1349 960 1412 999 καὶ
1436 959 1669 1007 Σιμωνίδης·

161 1018 470 1065 τραγῳδοποιῶν
499 1014 541 1054 δὲ
571 1013 692 1064 μόνος
726 1014 951 1066 Εὐριπίδης·
993 1011 1266 1065 συγγραφέων
1304 1013 1346 1054 δὲ
1386 1015 1560 1065 ἀκριβῶς
1596 1012 1670 1061 μὲν

163 1068 302 1109 οὐδείς.
327 1072 492 1120 μᾶλλον
513 1069 556 1109 δὲ
577 1073 657 1108 τῶν
679 1074 847 1109 πολλῶν
860 1068 1034 1120 ’Ἔφορός
1053 1086 1099 1107 τε
1122 1069 1185 1108 καὶ
1215 1066 1463 1118 Θεόπομπος,
1490 1067 1670 1121 ρητόρων

160 1140 206 1162 τε
236 1124 485 1176 Ἰσοκράτης.
546 1123 655 1170 θήσω
688 1123 729 1163 δὲ
761 1126 826 1164 καὶ
857 1124 1010 1171 ταύτης
1031 1124 1336 1176 παραδείγματα
1354 1127 1430 1171 τῆς
1461 1122 1663 1176 ἁρμονίας,

160 1182 338 1226 ποιητῶν
374 1180 449 1228 μὲν
494 1195 857 1229 προχειρισααενος
902 1181 1067 1230 Σαπφώ,
1112 1178 1292 1229 ῥητόρων
1331 1176 1374 1218 δὲ
1415 1177 1668 1232 Ἰσοκράτην.

160 1235 324 1287 ἄρξομαι
355 1235 396 1275 δὲ
427 1235 506 1274 ἀπὸ
535 1236 610 1280 τῆς
639 1238 876 1283 μελοποιοῦ·

378 1349 764 1420 Ποικιλόθρον’
793 1351 1022 1404 ἀθάνατ’
1052 1349 1378 1420 Ἀφρόδιτα,

377 1430 483 1478 παῖ
508 1423 636 1481 Δίος
666 1423 1008 1484 δολόπλοκα,
1037 1422 1317 1490 λίσσομαί
1342 1445 1425 1476 σε·
1445 1423 1467 1457 1

377 1499 451 1566 μή
479 1499 529 1565 μ’
560 1496 758 1550 ἄσαισι
785 1498 906 1564 μηδ’
935 1496 1140 1550 ὀνίαισι
1169 1495 1363 1565 δάμνα,

378 1570 596 1629 πότνια,
626 1570 814 1638 θῦμον,

321 1700 345 1737 5
375 1684 529 1737 ἀλλὰ
555 1683 689 1737 τυίδ’
719 1683 852 1744 ἔλθ’,
884 1683 946 1736 αἵ
969 1706 1117 1736 ποτα
1147 1682 1455 1754 κάτέροττα

378 1762 474 1815 τᾶς
503 1757 635 1825 ἔμας
663 1756 837 1814 αὔδως
866 1756 1056 1809 ἀίοισα
1085 1756 1261 1821 πήλυι
1375 1811 1378 1813 ,

375 1831 580 1890 ἔκλυες,
612 1831 823 1898 πάτρος
851 1828 906 1882 δὲ
936 1828 1099 1897 δόμον
1124 1827 1362 1882 λίποισα

377 1902 614 1974 χρύσιον
640 1903 810 1968 ἦλθες

377 2017 501 2087 ἄρμ’
530 2016 973 2085 ὐπασδεύξαισα,
1002 2014 1157 2068 κάλω
1176 2016 1198 2048 2
1226 2015 1283 2068 δέ
1309 2016 1361 2069 σ’
1389 2013 1524 2083 ἆνγον

295 2104 345 2144 10
374 2091 505 2143 ὤκεε
533 2090 785 2157 στρούθω
815 2090 985 2158 προτὶ
1012 2093 1115 2157 γᾶν
1141 2088 1454 2155 μέλαιναν3

376 2162 558 2216 πύκνα
588 2162 822 2216 δι’ννεντε
850 2162 1003 2232 πτέρ’
1033 2162 1128 2214 ἀπ’
1159 2161 1433 2249 ὀρρανων
1440 2161 1586 2216 αἴθε-

375 2259 466 2306 ρος
497 2235 585 2288 διὰ
611 2234 823 2300 μέσσω,

214 2403 229 2428 ²
262 2417 347 2443 mss
378 2405 469 2444 also
500 2403 764 2454 ποικίλοφρον
796 2404 897 2452 (less
924 2403 1063 2456 likely
1089 2403 1132 2442 in
1166 2404 1279 2443 view
1306 2402 1352 2443 of
1385 2403 1665 2456 δολόπλοκα);

160 2459 353 2498 δολοπλό.
349 2476 394 2499 (α
413 2459 567 2500 Cl1‹·›e1.
590 2472 642 2497 on
669 2458 860 2511 Hephss
877 2459 1003 2507 ›(251
1027 2457 1186 2498 Consb.
1195 2459 1206 2506 )
1235 2457 1292 2497 cf:
1315 2459 1418 2498 1342
1447 2473 1536 2500 mss
1562 2460 1666 2500 here

160 2513 391 2557 δολοπλόκε
493 2514 508 2538 ²
540 2515 607 2562 (9-
615 2515 679 2562 ll)
703 2512 806 2552 dual
829 2512 1110 2551 Piecolomini
1133 2513 1322 2552 -EProc.
1347 2513 1487 2554 Camb.
1508 2515 1665 2556 Philol.
1703 2545 1704 2565 2

162 2570 249 2608 Soc.
284 2569 388 2609 1920
511 2568 527 2592 ³
555 2570 670 2619 προτὶ
703 2583 782 2618 γαν
811 2566 1008 2617 μέλαιναν
1036 2568 1077 2606 Ε
1102 2566 1199 2606 lue:
1230 2579 1318 2606 mss
1336 2569 1427 2619 περὶ
1443 2571 1522 2620 γᾶς
1542 2568 1664 2621 (Ald.

161 2622 370 2675 πτέριγας)
392 2623 498 2673 (τὰς)
518 2624 739 2673 μελαίνας;
770 2635 920 2675 apogr.
942 2621 1062 2661 Vicb.
1084 2637 1127 2661 π.
1148 2623 1228 2672 γᾶν
1246 2618 1445 2671 μέλαιναν

170 2701 259 2747 182
