1704 2937
634 239 819 287 LYRA
869 237 1147 286 GRAECA

131 375 376 423 στήσαντες,
413 371 585 414 ἐκάλουν
613 373 686 411 τὸν
715 373 805 411 θεὸν
846 372 885 421 ἐξ
918 370 1191 423 Ὑπερβορέων
1225 371 1373 409 ἐλθεῖν·
1405 371 1425 408 ὃ
1465 367 1506 408 δὲ
1545 367 1635 406 ἔτος

134 432 231 470 ὅλον
257 431 362 481 παρὰ
387 432 472 469 τοῖς
502 430 586 467 ἐκεῖ
614 425 882 475 θεμιστεύσας
911 427 1140 477 ἀνθρώποις,
1168 426 1303 472 ἐπειδὴ
1324 425 1459 476 καιρὸν
1480 421 1634 472 ἐνόμιζε

133 487 195 524 καὶ
227 487 322 526 τοὺς
352 483 582 535 Δελφικοὺς
612 484 766 532 ἠχῆσαι
797 481 997 530 τρίποδας,
1033 480 1143 519 αὖθις
1175 477 1332 520 κελεύει
1360 482 1446 519 τοῖς
1478 479 1636 520 κύκνοις

134 542 174 589 ἐξ
204 539 475 591 Ὑπερβορέων
495 537 756 588 ἇφίπτασθαι.
819 535 869 581 ἦν
892 535 966 584 μὲν
990 534 1060 574 οὖν
1087 533 1196 585 θέρος
1226 536 1290 574 καὶ
1321 535 1394 573 τοῦ
1425 532 1558 584 θέρους
1587 534 1636 570 τὸ

134 593 260 645 μέσον
294 594 407 643 αὐτό,
441 595 510 634 ὅτε
548 594 587 641 ἐξ
618 589 891 642 ’Ὑπερβορέων
921 593 1108 629 Ἀλκαῖος
1147 590 1237 640 ἄγει
1276 590 1349 628 τὸν
1378 589 1633 634 Ἀπόλλωνα,

135 653 225 690 ὅθεν
255 651 302 696 δὴ
333 649 468 701 θέρους
499 647 780 695 ἐκλάμποιτος
805 647 868 684 καὶ
897 645 1181 693 ἐπιδημοῦντος
1205 643 1465 684 ’Λπόλλωνος
1487 641 1638 694 θερινόν

134 723 172 744 τι
195 705 305 752 καὶὴ
328 705 430 756 λύρα
456 703 544 754 περὶ
572 702 646 740 τὸν
677 703 766 740 θεὸν
796 698 1023 750 ἁβρύνεται·
1057 698 1195 750 ᾅδουσι
1224 699 1299 748 μὲν
1329 698 1493 745 ἀηδόνες
1513 699 1633 747 αὐτῷ,

135 763 272 799 ὁποῖον
293 760 400 800 εἰκὸς
421 758 514 811 ᾆσαι
535 758 625 806 παρ’
647 756 820 806 Ἀλκαίῳ
835 756 909 794 τὰς
931 754 1097 804 ὄρνιθας·
1124 752 1264 805 ᾄδουσι
1281 753 1324 793 δὲ
1339 754 1402 793 καὶ
1425 750 1640 802 χελιδόνες

135 816 197 854 καὶ
219 813 420 865 τέττιγες,
447 816 490 852 οὐ
511 812 587 858 τὴν
609 812 761 849 ἑαυτῶν
781 811 916 860 τύχην
939 809 1015 854 τὴν
1037 813 1079 848 ἐν
1099 809 1311 859 ἀνθρώπων
1337 807 1635 858 ἀγγέλλουσαι,

134 870 245 908 ἀλλὰ
283 870 416 908 πάντα
448 869 499 907 τὰ
533 864 638 915 μέλη
674 867 775 905 κατὰ
811 866 900 903 θεοῦ
936 864 1224 914 φθεγγόμεναι·
1267 867 1328 915 ῥεῖ
1356 864 1420 902 καὶ
1454 865 1641 915 ἀργυροῖς

135 926 159 971 ἡ
193 926 408 963 Κασταλία
443 923 545 962 κατὰ
578 921 741 966 ποίησιν
779 920 925 969 νάμασι
965 920 1027 958 καὶ
1071 919 1284 968 Κηφισσὸς
1322 917 1450 969 μέγας
1487 921 1640 969 αἴρεται

135 979 347 1031 πορφύρων
393 981 478 1017 τοῖς
524 976 686 1024 κύμασι,
729 976 802 1014 τὸν
840 972 1000 1013 Ἐνιπέα
1047 975 1120 1012 τοῦ
1159 972 1336 1025 Ὁμήρου
1384 972 1634 1024 μιμούμενος.

135 1035 319 1085 βιάζεται
348 1033 422 1083 μὲν
451 1033 528 1083 γὰρ
550 1033 738 1070 Ἀλκαῖος
769 1029 912 1078 ὁμοίως
933 1028 1092 1080 Ὁμήρῳ
1121 1031 1286 1075 ποιῆσαι
1317 1028 1380 1068 καὶ
1411 1030 1513 1079 ὕδωρ
1543 1030 1640 1066 θεῶν

138 1090 350 1139 ἐπιδημίαν
369 1088 579 1128 αἰσθέσθαι
601 1085 828 1132 δυνάμενον.

192 1169 337 1221 Heph.
364 1169 417 1207 84
481 1165 690 1205 ε’πιωνικὸν
718 1163 759 1203 δὲ
789 1165 866 1202 ἀπὸ
893 1161 1072 1212 μείζονος
1099 1160 1313 1213 τρίμετρον
1339 1159 1643 1208 καταληκτικόν

138 1225 241 1271 ἐστι’,
266 1226 315 1263 τὸ
337 1221 588 1272 καλούμενον
609 1220 828 1259 Ἀλκαϊκὺν
850 1215 1209 1262 ἑνδεκασύλλαβον
1238 1247 1246 1256 .
1283 1248 1290 1256 .
1329 1247 1337 1255 .
1373 1215 1469 1255 οἷον·

421 1338 498 1389 ςΩ
524 1336 643 1403 ’ναξ
667 1333 991 1394 Ἀπόλλων,
1020 1337 1128 1386 παῖ
1151 1332 1377 1399 μεγάλω
1407 1330 1550 1390 Δίος,

237 1444 266 1470 e.
285 1413 347 1479 (fil
425 1410 483 1464 ὃν
510 1408 779 1479 ἐξεκόσμη
807 1404 1127 1475 γιγνόμενον
1155 1406 1340 1474 πάτηρ

425 1483 594 1556 μίτρα
621 1504 679 1534 τε
706 1480 895 1553 χρύσᾳ
921 1479 1014 1532 καὶ
1038 1478 1315 1550 χι-ῑλύννᾳ2

276 1563 277 1610 1
428 1555 535 1612 δοίς
564 1555 610 1608 τ’
638 1554 730 1608 ἐπὶ
761 1551 1077 1606 τοίσδεσιν3
1105 1551 1231 1622 ἄρμ’
1258 1549 1495 1616 ἐλαύνην

363 1696 387 1733 5
425 1677 849 1738 κυκνόσσυτον,4
875 1676 1116 1746 Δέλφοις
1140 1675 1238 1744 μὲν
1265 1675 1478 1743 ἔπεμπε
1504 1675 1599 1728 καὶ

434 1751 879 1823 Καφισσὸδωρον
909 1748 1242 1805 Κασταλίας
1271 1749 1452 1819 ὕδωρ5

432 1825 586 1879 δίκαν
616 1822 1076 1894 προφατεύσοντα
1104 1823 1247 1887 κῆθα
1265 1822 1286 1853 ⁶

432 1899 526 1951 καὶ
556 1897 707 1966 θέμιν
732 1894 1087 1948 Ἐλλάδεσιν·
1132 1893 1201 1946 σὺ
1229 1893 1272 1945 δ’
1302 1894 1504 1957 ἕββαις

433 2023 647 2080 κύκνοις
676 2022 881 2087 ἕπηκας
910 2019 1108 2073 πτέσθ’
1137 2017 1221 2071 ἐπ’
1249 2017 1630 2089 ’Τπερβόροις-

343 2111 392 2150 10
430 2095 670 2167 Δέλφοις
697 2093 740 2146 δ’
771 2093 870 2162 ἄρ’,
901 2094 969 2149 ὠς
995 2092 1254 2164 ᾆσθοντο,
1283 2092 1504 2144 παάονα

434 2169 627 2224 αὔλοις
645 2168 664 2199 ⁷
692 2190 750 2220 τε
778 2165 1061 2222 σύνθεντες
1087 2163 1310 2234 χόροισι

433 2241 538 2311 πὲρ
565 2239 728 2310 τρίπο
769 2239 780 2256 ’
809 2237 1006 2291 ἀῐθέων
1032 2237 1258 2290 κέλοντο

202 2415 213 2439 ¹
244 2416 288 2455 ll.
315 2414 433 2463 9224,
461 2414 501 2452 Ε
518 2412 629 2451 from
651 2411 772 2450 Him.
880 2409 896 2432 ²
927 2416 1021 2458 χελ.
1049 2408 1115 2448 Sa.
1147 2409 1223 2448 190
1321 2408 1337 2431 ³
1366 2421 1435 2447 see
1455 2421 1510 2447 on
1532 2407 1600 2449 Sa.
1627 2408 1652 2447 6

146 2471 163 2495 ⁴
193 2470 246 2510 cf.
283 2469 516 2516 θεόσσυτος,
552 2467 806 2505 αὐτόσσυτος
835 2463 921 2503 and
953 2464 1022 2503 Sa.
1057 2463 1134 2505 172
1301 2461 1318 2485 ⁵
1349 2461 1401 2502 cf.
1430 2462 1555 2503 l'aus.
1586 2463 1648 2502 10.

147 2529 182 2566 8.
205 2528 243 2564 5·
266 2527 421 2572 ἤκουσα
450 2554 457 2562 .
497 2553 504 2561 .
541 2553 549 2561 .
584 2522 632 2559 τὸ
661 2521 761 2571 ὕδωρ
787 2522 836 2571 τῇ
868 2517 1079 2569 Κασταλίᾳ
1106 2520 1288 2566 ποταμοῦ
1318 2520 1441 2569 δῶρον
1461 2517 1560 2557 εἶναι
1580 2518 1652 2556 τοῦ

150 2581 376 2631 Κηφισσοῦ·
399 2580 522 2617 τοῦτο
541 2575 703 2622 ἐποίησε
722 2574 785 2613 καὶ
803 2576 989 2613 Ἀλκαῖος
1006 2575 1047 2612 ἐν
1063 2573 1251 2623 προοιμίῳ
1265 2577 1320 2622 τῷ
1339 2573 1396 2612 εἷς
1411 2571 1654 2612 Ἀπόλλωνα

147 2636 164 2659 ⁶
196 2633 315 2674 Hdn.
341 2648 380 2673 π.
407 2636 497 2671 παθ.
524 2632 562 2669 2.
589 2630 756 2678 l9‘2,f1·.
785 2629 835 2669 73
964 2630 978 2652 ⁷
1009 2627 1062 2667 cf.
1089 2626 1206 2667 Plut.
1231 2627 1340 2666 Altis.
1370 2628 1419 2665 14

151 2717 246 2778 318
