1704 2937
645 199 729 245 LY
740 199 828 245 RA
877 199 1158 246 GRAECA

883 332 904 340 ..ν

879 346 906 376 ἱ)

198 417 324 457 Faus.
364 420 397 457 l.
437 419 502 458 41.
547 433 572 455 )
612 420 670 469 [π.
710 418 945 469 Ἀλκάθου]·
1023 420 1206 468 Ἀλκμὰν
1242 415 1414 466 ποιήσας
1454 418 1563 470 ᾆσμα
1605 423 1647 460 ἐς

141 474 235 512 τοὺς
266 473 536 523 Διοσκούρους
566 476 616 513 ὡς
642 473 861 523 ’κφίδνας1
891 475 1025 514 ἕλοιεν
1055 475 1118 513 καὶ
1148 475 1225 520 την
1256 474 1422 521 Θησέως
1447 474 1646 525 ἀγαγοιεν

142 524 297 580 μητέρα
316 529 594 579 αἰχμάλωτον,
622 529 725 578 ὅμως
749 526 886 576 Θησέα
907 530 1034 580 φησὶν
1054 529 1178 568 αὐτὸν
1198 529 1367 568 ἆπειναι.

893 690 919 736 6

197 767 389 820 Hesych.

578 841 860 896 Ἀσανέων
888 841 1053 897 πόλιν
1096 884 1105 895 .
1153 884 1163 895 .
1209 884 1219 895 .

141 937 215 978 τὰς
235 937 422 987 Αφίδνας.

879 1098 905 1115 [-

886 1116 897 1145 t

196 1185 322 1226 Paus.
362 1188 397 1227 3.
434 1187 497 1226 26.
538 1188 564 1226 2
595 1188 651 1237 [π.
696 1183 888 1237 Πέφνου]·
963 1189 1163 1236 Θαλαμῶν
1198 1183 1241 1226 δὲ
1273 1184 1420 1236 ἀπέχει
1460 1185 1650 1226 σταδίους

141 1243 294 1280 εἴκοσιν
321 1239 604 1291 ὀνομαζομένη
643 1241 803 1292 Πέφνος
841 1242 905 1280 ἐπὶ
947 1242 1151 1294 θαλάσσῃ,
1195 1244 1405 1293 προκεΐται
1448 1240 1493 1280 δὲ
1532 1242 1648 1288 νησὶς

141 1295 292 1348 πέτρας
328 1299 410 1336 τῶν
449 1295 643 1348 μεγάλων
681 1298 724 1336 οὐ
758 1295 916 1345 μείζων,
956 1299 1117 1349 Πέφνος
1150 1297 1214 1336 καὶ
1255 1294 1386 1348 ταύτῃ
1419 1299 1469 1335 τὸ
1509 1295 1644 1345 ὄνομα·

140 1353 338 1399 τεχθῆναι
359 1350 401 1390 δὲ
423 1352 593 1391 ἐνταῦθα
612 1352 708 1391 τοὺς
728 1349 996 1402 Διοσκούρους
1027 1350 1152 1402 φασὶν
1181 1352 1218 1391 οἷ
1246 1353 1498 1400 Θαλαμᾶται·
1522 1353 1647 1390 τοῦτο

139 1404 214 1454 μὲν
235 1407 282 1452 δὴ
304 1406 367 1446 καὶ
389 1409 597 1456 Ἀλκμᾶνα
618 1408 659 1445 ἐν
679 1405 830 1459 ᾄσματι
851 1407 937 1446 οἶδα
958 1405 1137 1453 εἰπόντα,
1161 1407 1361 1456 τραφῆναι
1383 1405 1426 1445 δὲ
1449 1405 1583 1444 οὐκέτι
1605 1406 1648 1444 ἐν

140 1463 194 1513 τῇ
214 1461 361 1512 Πέφνῳ
382 1463 508 1512 φασιν
537 1460 693 1510 αὐτούς,
719 1461 816 1500 ἀλλ’
839 1463 985 1513 Ἑρμῆν
1005 1462 1078 1500 τὸν
1108 1462 1149 1501 ἐς
1179 1458 1396 1499 Πελλάναν
1423 1459 1649 1510 κομίσαντα

141 1516 252 1556 εἶναι.

595 1772 723 1817 8-15
797 1775 858 1822 εἷς
882 1772 974 1818 Δία
997 1773 1202 1819 Λυκαῖον

197 1858 317 1898 Max.
341 1859 460 1900 Plan.
483 1859 539 1899 ad
560 1859 710 1899 Herm.
734 1861 812 1900 Rh.
837 1860 908 1898 Gr.
930 1859 987 1898 W
991 1860 1100 1898 alz'
1077 1874 1116 1898 ε).
1135 1859 1217 1898 510
1273 1859 1434 1910 στροφὴ
1455 1857 1558 1897 καὶ
1541 1855 1647 1897 αντί-

143 1922 321 1965 στροφος
336 1915 400 1954 καὶ
419 1916 570 1965 ἐπῳδὸς
592 1914 838 1964 συστηματα
853 1914 1011 1966 μέτρων
1029 1914 1178 1953 ἐστὶν’
1159 1929 1202 1952 εν
1218 1915 1394 1965 λυρικοις
1410 1911 1647 1960 ποιήμασιν·

141 1968 166 2014 ἡ
205 1967 280 2018 μὲν
311 1968 381 2008 οὖν
412 1970 571 2022 στροφή
613 1972 727 2009 ἐστιν
762 1970 787 2016 ἡ
822 1969 959 2020 πρώτη
997 1968 1187 2018 τιθεμένη
1219 1966 1402 2020 περίοδος
1441 1968 1486 2006 ἐκ
1517 1966 1587 2007 δύο
1622 1966 1647 2013 ἢ

140 2023 342 2063 πλειόνων
362 2025 504 2064 κώλων
525 2024 710 2074 ὁμοίωνῖ
690 2041 714 2070 η
737 2023 930 2073 ἀνομοίων
951 2023 1211 2074 συγκειμένη,
1239 2025 1290 2062 ὣς
1310 2023 1414 2074 παρὰ
1434 2023 1645 2071 Ἀλκμᾶνι·

141 2078 227 2126 (43)
249 2079 353 2126 αὕτη
373 2080 451 2130 γαρ
471 2079 496 2126 ἡ
515 2080 675 2131 στροφὴ
691 2081 735 2117 ἐκ
755 2082 874 2130 τριῶν
893 2079 982 2118 ἐστὶ
999 2079 1142 2118 κώλων
1159 2077 1438 2117 δακτυλικῶν’
1425 2076 1650 2128 ισομέτρων

141 2131 398 2183 συγκειμένη·
423 2136 464 2184 ἐξ
483 2133 678 2183 ἀνομοίων
699 2131 741 2173 δὲ
764 2135 815 2173 ὡς
834 2131 944 2172 τόδε·

359 2251 526 2304 Μῶο·’
555 2251 672 2318 ἄγε,
702 2253 890 2302 Μῶσα
915 2247 1102 2317 λίγεια
1129 2248 1485 2317 πολυμμελὲς

357 2323 672 2384 αἰενάοιδε,2
702 2322 865 2389 μέλος

358 2396 592 2467 νεοχμὸν
620 2395 759 2467 ἄρχε
786 2393 1082 2465 παρσένοις
1109 2393 1296 2448 ἀείδει).

223 2543 235 2568 ¹
270 2557 355 2584 mss
375 2546 544 2591 Ἀθήνας
599 2569 602 2572 Δ
677 2543 694 2568 ²
726 2546 789 2586 B:
821 2558 906 2584 mss
927 2544 987 2583 ἀεὶ
1018 2542 1073 2592 δὲ,
1099 2543 1185 2583 ἆεὶν
1205 2542 1322 2592 ἄειδε,
1349 2542 1436 2582 αἰὲν
1456 2543 1562 2582 ἄειδε

141 2675 201 2721 62
