1704 2937
650 203 736 249 LY
748 202 837 250 RA
888 201 1168 248 GRAECA

874 334 936 378 42

204 423 310 462 Bek.
355 424 441 464 Απ.
481 424 518 463 2.
563 424 642 463 855
719 425 738 460 ὁ
791 421 1059 471 ὑποκορισμὸς
1109 420 1232 471 ὄνομά
1282 422 1373 461 ἐστι
1419 419 1662 471 μικρότητος

150 479 399 529 ἐμφαντικὸν
420 479 482 518 καὶ
507 477 639 529 κόραις
664 476 806 516 ἐοικός·
831 475 1085 522 λαμβάνεται
1116 475 1160 514 δὲ
1189 476 1326 515 ἕνεκεν
1345 478 1419 514 τοῦ
1439 473 1662 527 πρέποντος

150 536 201 573 ὡς
222 535 311 585 παρ’
333 535 541 583 Ἀλκμᾶνι·
577 564 584 571 .
622 564 629 570 .
669 564 675 571 .
713 530 824 582 κόραι
846 531 923 583 ’γὰρ
948 531 987 569 αἴ
1008 530 1221 580 λέγουσαι.

879 854 935 906 Γ.

880 1013 942 1058 43

209 1101 353 1154 Hepb.
398 1102 451 1141 43
491 1102 549 1152 [π.
594 1102 872 1151 δακτυλικοῦ]·
933 1101 1115 1150 Ἀλκμὰν
1156 1099 1197 1140 δὲ
1238 1100 1301 1140 καὶ
1342 1099 1443 1139 ὅλας
1483 1099 1663 1151 στροφὰς

153 1157 286 1208 τούτῳ
305 1161 362 1206 τῷ
382 1154 514 1208 μέτρῳ
536 1153 828 1207 κατεμέτρησε·

375 1240 539 1294 Μῶσ’
568 1241 682 1310 ἄγε,
715 1241 1040 1302 Καλλιόπα,
1071 1242 1311 1311 θύγατερ
1338 1239 1484 1301 Διός,

376 1313 502 1385 ἄρχ’
531 1317 741 1385 ἐρατῶν
766 1313 954 1376 ἐπέων,
984 1315 1075 1368 ἐπὶ
1105 1312 1147 1366 δ’
1179 1313 1399 1383 ἱμερον1

375 1389 541 1456 ὕμνον
569 1387 664 1440 καὶ
692 1387 957 1459 χαρίεντα
987 1387 1122 1441 τίθει
1149 1385 1335 1459 χορόν.
1340 1387 1359 1417 ²

884 1536 946 1580 44

216 1622 312 1663 Sch.
353 1623 425 1662 Od.
463 1623 500 1662 3.
541 1623 611 1664 171
673 1622 833 1674 Ψυρίης·
872 1621 1052 1669 νησίδιον
1081 1623 1223 1674 μικρὸν
1255 1621 1356 1673 ἔχον
1387 1619 1533 1671 λίμενα
1565 1624 1671 1669 νηῶν

160 1682 326 1718 εἴκοσιν·
350 1676 546 1726 Ἀλκμάν·

331 1762 445 1833 πάρ
474 1762 522 1815 θ’
551 1762 696 1832 ἱερὸν
725 1762 1004 1816 σκόπελον
1031 1762 1188 1832 παρά
1215 1784 1274 1816 τε
1298 1761 1464 1833 ,Ψύρα
1484 1763 1504 1793 3

887 1932 948 1976 45

223 2018 411 2058 Aristid.
447 2020 484 2058 52.
523 2019 603 2058 509
661 2035 701 2058 π.
741 2021 814 2057 τοῦ
855 2018 1216 2070 Παραφθέγματος·
1275 2019 1446 2071 ἀλλαχῇ
1487 2017 1530 2058 δὲ
1570 2019 1673 2058 οὕτω

165 2074 324 2125 σφόδρα
355 2074 488 2114 ἔνθεος
519 2073 706 2123 ’γίγνεται
738 2076 775 2121 (ὁ
806 2076 1003 2122 Ἀλκμὰν)
1035 2076 1143 2113 ὥστε
1174 2073 1296 2124 φαίης
1330 2075 1379 2113 ὂιν
1411 2074 1491 2113 οὐδ’
1523 2075 1672 2113 οὑτωσὶ

165 2130 267 2167 κατὰ
287 2130 336 2167 τὸ
367 2131 472 2180 ῥῆμα
501 2127 638 2167 ἔνθεός
667 2130 794 2176 ἐστιν,
822 2128 919 2167 ἀλλ’
950 2130 1049 2168 αὐτὸ
1080 2129 1127 2176 δὴ
1156 2131 1281 2168 τοῦτο
1311 2129 1446 2180 ὥσπερ
1477 2129 1565 2168 θεὸς
1594 2131 1676 2167 τῶν

163 2183 242 2222 ἀπὸ
261 2185 450 2233 μηχανῆς
472 2181 603 2233 λέγει’

421 2289 613 2343 εἴπατέ
638 2313 731 2358 μοι
759 2290 904 2351 τάδε,
933 2295 1089 2362 φῦλα
1113 2290 1413 2361 βροτήσια.

227 2457 241 2481 ¹
271 2459 336 2510 ἐφ’
355 2460 492 2509 ἵμερον
513 2458 589 2498 the
610 2458 768 2511 phrase
788 2459 966 2499 whence
987 2472 1106 2499 came
1128 2458 1313 2511 ἐφίμερος
1504 2456 1520 2482 ²
1551 2457 1670 2498 Max.

172 2514 278 2564 ὕμνῳ
388 2514 405 2537 ³
434 2512 512 2564 πάρ
535 2517 567 2552 θ’
588 2513 834 2553 Buttmann
855 2531 863 2554 :
896 2527 982 2554 mss
1003 2512 1108 2566 παρά
1127 2529 1173 2554 τε

175 2688 237 2732 80
