1704 2937
537 387 639 436 ΘΑ
649 388 855 437 AHTA
908 386 939 453 ἢ
995 388 1356 443 ΘΑΛΗΤΟΣ

895 524 1004 574 Βίος

262 639 409 702 Diog
441 639 494 685 L.
529 640 641 685 1.1.
675 640 731 684 11
795 630 1060 700 ’γεγόνασι
1089 633 1144 686 δὲ
1172 634 1263 687 καὶ
1296 633 1464 687 ἄλλοι
1493 636 1701 694 Θαλαῖ,

194 707 339 758 καθά
374 711 517 776 φησι
554 706 866 776 Δημήτριος
900 704 925 758 ὁ
964 707 1197 774 ᾸἸάΎνης
1233 709 1287 760 ἐν
1315 711 1430 763 τοῖς
1454 706 1699 775 (Ομωνύ-

192 801 327 844 μοις,
359 779 537 832 πέντε
617 779 688 832 ὧν
732 820 742 831 .
787 819 797 830 .
841 819 850 830 .
893 778 1071 848 τρίτος
1109 779 1339 850 ἀρχαῖος
1374 780 1519 832 πάνυ
1558 779 1700 833 κατὰ

191 851 452 905 (Ησίοδον
479 851 573 904 καὶ
588 849 844 921 ”Ομηρον
870 852 962 904 καὶ
991 856 1327 920 Λυκοῦργον.

264 946 393 992 Plut.
414 947 525 1009 [με.
547 947 574 991 4
646 940 739 993 ἕνα
769 938 825 991 δὲ
852 942 958 992 τῶν
987 939 1347 1007 νομιζομένων
1373 940 1484 992 ἐκεῖ
1512 942 1701 1009 σοφῶν

194 1014 287 1066 καὶ
317 1017 622 1067 πολιτικῶν
642 1012 833 1084 χάριτι
851 1012 942 1064 καὶ
964 1011 1130 1083 φιλίᾳ
1151 1010 1352 1068 πείσας
1369 1012 1702 1066 ἀπέστειλεν

194 1087 267 1144 εἰς
304 1086 404 1153 τὴν
437 1086 718 1153 Σπάρτην,
750 1085 1005 1149 Θάλητα,
1034 1086 1268 1151 ποιητὴν
1302 1085 1397 1153 μὲν
1435 1085 1702 1139 δοκοῦντα

192 1163 436 1229 λυρικῶν
461 1162 643 1225 μελῶν
672 1157 761 1210 καὶ
800 1157 1108 1228 πρόσχημα
1140 1158 1238 1225 τὴν
1269 1157 1466 1229 τέχνην
1500 1158 1704 1224 ταύτην

193 1232 573 1299 πεποιημένον,
629 1231 769 1301 ἔργῳ
830 1230 885 1283 δὲ
943 1232 1084 1301 ἅπερ
1145 1232 1195 1283 οἱ
1251 1233 1543 1301 κράτιστοι
1595 1234 1702 1284 τῶν

193 1306 500 1372 νομοθετῶν
541 1304 1025 1373 διαπραττόμενον.
1102 1303 1264 1372 λόγοι
1307 1303 1415 1374 γὰρ
1459 1305 1603 1370 ἦσαν
1646 1303 1704 1357 αἱ

195 1378 329 1448 ᾠδαὶ
370 1377 506 1448 πρὸς
545 1375 856 1429 εὐπείθειαν
902 1377 995 1429 καὶ
1041 1375 1295 1444 ὁμονοίαν
1335 1377 1702 1442 ἀνακλητικοὶ

195 1450 284 1504 διὰ
341 1454 523 1515 μελῶν
582 1449 695 1516 ἅμα
750 1449 843 1501 καὶ
892 1450 1112 1519 ῥυθμῶν
1163 1449 1311 1503 πολὺ
1363 1450 1424 1503 τὸ
1471 1449 1703 1519 κόσμιον

194 1522 433 1595 ἐχόντων
461 1522 555 1575 καὶ
583 1520 998 1575 καταστατικόν
1041 1563 1050 1573 .
1095 1563 1105 1574 .
1151 1563 1161 1574 .

264 1618 391 1680 Eph.
424 1635 501 1680 ap.
535 1616 631 1663 Str.
664 1617 739 1664 10.
769 1617 831 1661 48
873 1610 956 1677 [π.
1000 1610 1274 1678 Κρητῶν]·
1333 1612 1401 1666 ὡς
1442 1607 1484 1661 δ’
1524 1609 1702 1668 αὕτως

195 1686 287 1738 καὶ
333 1689 447 1741 τοῖς
490 1685 714 1754 ῥυθμοῖς
766 1686 1061 1753 Κρητικοῖς
1112 1682 1359 1753 χρῆσθαι
1411 1681 1553 1735 κατὰ
1604 1680 1701 1739 τὰς

195 1757 334 1828 ᾠδὰς
374 1758 807 1813 συντονωτάτοις
847 1777 1021 1814 ουσιν,
1050 1777 1139 1811 ους
1168 1756 1406 1844 Θάλητα
1438 1755 1698 1824 ἀνευρεῖν,

198 1831 237 1901 ᾧ
267 1831 357 1883 καὶ
388 1853 511 1888 τους
540 1830 780 1887 παιάνας
808 1828 902 1881 καὶ
930 1827 1027 1885 τὰς
1055 1827 1239 1885 ἄλλας
1273 1827 1369 1884 τὰς
1401 1827 1701 1900 ἐπιχωρίας

196 1902 338 1974 ᾠδὰς
365 1902 691 1956 ἀνατιθέασι
718 1902 811 1954 καὶ
840 1899 1031 1953 πολλὰ.
1059 1904 1166 1954 τῶν
1191 1899 1447 1969 νομίμων.

268 1997 405 2043 Paus.
438 1998 477 2043 1.
511 1998 586 2042 14.
616 1996 644 2041 4
723 1990 915 2054 Θαλῆς
949 1986 1004 2039 δὲ
1045 1985 1070 2039 ὁ
1111 1985 1566 2052 Λακεδαιμονίοις
1604 1985 1704 2052 τὴν

198 2062 360 2117 νόσον
402 2065 625 2120 παύσας
668 2102 678 2113 .
723 2102 733 2112 .
778 2102 788 2112 .
831 2063 1071 2126 Θαλῆτα
1115 2059 1158 2111 δ’
1198 2058 1338 2112 εἶναί
1381 2065 1523 2130 φησι
1571 2061 1701 2128 Γορ-

197 2137 377 2190 τύνιον
431 2135 834 2203 Πολύμναστος
882 2132 1238 2202 Κολοφώνιος
1281 2132 1387 2198 ἔπη
1433 2130 1702 2184 Λακεδαι-

197 2209 400 2278 μονίοις
427 2210 478 2266 ἐς
509 2207 672 2261 αὐτὸν
699 2206 955 2273 ποιήσας.

268 2296 380 2343 Ael.
416 2298 531 2344 VH.
565 2296 640 2342 12.
671 2294 733 2339 50

273 2381 402 2428 Plut.
431 2382 558 2428 illus
591 2380 617 2426 9
696 2376 728 2442 ἡ
755 2373 852 2442 μὲν
879 2373 971 2426 οὖν
1003 2372 1194 2444 πρώτη
1222 2372 1572 2430 κατάστασις
1600 2373 1704 2424 τῶν

199 2449 324 2560 περὶ
376 2447 475 2515 τὴν
523 2446 794 2515 μουσικὴν
847 2448 900 2499 ἐν
953 2450 1018 2516 τῇ
1068 2445 1300 2556 Σπάρτῃ
1350 2442 1704 2515 Τερπάνδρου

720 2601 823 2643 1.ρὶ
845 2602 1004 2645 Strabo
1027 2603 1090 2643 10.
1111 2603 1191 2642 482

202 2700 264 2745 34
