1704 2937
730 525 1080 576 ΑΛΚΑΙΟΤ

836 652 965 710 Βίος

221 788 317 836 Str.
350 789 424 834 13.
456 787 550 834 617
630 780 747 867 ἔχει
788 780 843 833 δὲ
882 782 913 846 ἡ
958 780 1255 848 λΙυτιλήνη
1286 780 1511 847 λίμενας
1548 780 1655 843 δύο,

148 853 220 908 ὧν
248 853 274 908 ὁ
302 853 477 912 νότιος
503 852 761 910 κλειστὸς
793 853 1073 923 τριηρικὸς
1100 854 1264 907 ναυσὶ
1293 854 1653 922 πεντήκοντα,

148 925 174 979 ὁ
222 928 276 980 δὲ
318 926 534 997 βόρειος
579 926 751 994 μένγας
791 926 882 979 καὶ
929 925 1125 990 βαθύς,
1172 925 1422 1018 χώματι
1446 950 1655 981 σκεπα-

151 999 384 1087 ζόμενος·
439 1003 727 1087 ’προκεῖται
779 997 820 1050 δ’
873 999 1079 1088 ἀμφοῖν
1129 999 1318 1064 νησίον
1356 998 1516 1070 μέρος
1561 1005 1655 1067 τῆς

149 1074 363 1130 πόλεως
391 1072 521 1144 ἔχον
543 1070 734 1125 αὐτόθι
753 1070 1190 1140 συνοικούμενον·
1211 1072 1657 1126 κατεσκεύασται

149 1146 204 1198 δὲ
233 1151 344 1203 τοῖς
372 1151 514 1199 πᾶσι
547 1148 749 1202 καλῶς.
827 1143 1025 1211 ἄνδρας
1053 1143 1095 1197 δ’
1124 1144 1291 1217 ἔσχεν
1318 1144 1565 1214 ἐνδόξους
1593 1144 1655 1199 τὸ

148 1218 395 1272 ’παλαιὸν
420 1218 518 1287 μὲν
558 1215 908 1277 Πιττακόν,’
890 1240 984 1270 ενα
1011 1220 1117 1270 τῶν
1145 1218 1289 1271 ἕπτα
1329 1221 1535 1308 σοφῶν,
1564 1218 1655 1271 καὶ

150 1290 244 1345 τὸν
295 1290 530 1358 ποιητὴν
579 1289 852 1343 Ἀλκαῖον
903 1291 994 1343 καὶ
1048 1289 1141 1344 τὸν
1185 1288 1427 1361 ἀδελφὸν
1471 1289 1652 1344 Ἀντι-

148 1363 374 1433 μενίδαν
411 1405 421 1417 .
465 1406 476 1418 .
521 1404 531 1416 .
573 1363 909 1434 ἐτυραννήθη
954 1361 1009 1415 δὲ
1053 1364 1084 1429 ἡ
1135 1362 1297 1420 πόλις
1341 1361 1487 1416 κατὰ
1532 1364 1657 1420 τοὺς

151 1437 381 1527 χρόνους
433 1435 660 1494 τούτους
713 1435 818 1488 ὑπὸ
871 1433 1144 1489 πλειόνων
1205 1435 1291 1490 δια
1344 1459 1441 1494 τας
1504 1435 1655 1508 διχο-

151 1508 411 1571 στασίας,
479 1508 572 1562 καὶ
638 1507 708 1561 τὰ
772 1507 1129 1564 Στασιωτικὰ
1187 1507 1500 1577 καλούμενα
1559 1513 1657 1562 τοῦ

147 1581 422 1635 Ἀλκαίου
450 1604 735 1649 ποιηματα
762 1583 888 1653 περὶ
916 1581 1123 1635 τούτων
1159 1580 1326 1635 ἐστίν·
1368 1582 1423 1634 ἐν
1459 1581 1514 1634 δὲ
1543 1586 1655 1640 τοῖς

151 1656 429 1723 τυράννοις
457 1656 550 1708 καὶ
578 1653 604 1707 ὁ
635 1653 915 1711 Πιττακὸς
952 1654 1178 1722 ἐγένετο.
1257 1654 1523 1712 Ἀλκαῖος
1559 1654 1657 1721 μὲν

152 1728 246 1781 οὖν
273 1726 469 1795 ὁμοίως
496 1726 826 1795 ἐλοιδορεῖτο
855 1727 948 1780 καὶ
977 1726 1151 1797 τούτῳ
1179 1727 1274 1781 καὶ
1301 1731 1414 1784 τοῖς
1443 1727 1655 1787 ἄλλοις,

153 1799 431 1869 Μυρσίλῳ
460 1799 553 1852 καὶ
587 1800 917 1870 Μελάνγχρῳ
945 1799 1038 1852 καὶ
1067 1805 1181 1856 τοῖς
1216 1799 1657 1857 Κλεανακτίδαις

152 1874 244 1927 καὶ
298 1873 491 1929 ἄλλοις
545 1870 707 1933 τισίν,
767 1872 877 1924 οὐδ’
943 1872 1106 1930 αὐτὸς
1167 1871 1488 1943 καθαρεύων
1549 1875 1657 1926 τῶν

152 1946 413 1999 τοιούτων
440 1948 829 2015 νεωτερισμῶν.
905 1943 1188 2002 Πιττακὸς
1224 1944 1279 1997 δὲ
1315 1944 1389 2002 εἰς
1423 1945 1521 2014 μὲν
1560 1944 1659 2012 τὴν

152 2023 256 2072 τῶν
285 2019 620 2071 δυναστειῶν
647 2017 964 2070 κατάλυσιν
984 2018 1266 2089 ἐχρήσατο
1290 2022 1356 2088 τῇ
1382 2017 1659 2090 μοναρχία

151 2093 243 2144 καὶ
272 2090 450 2152 αὐτός,
480 2089 802 2146 καταλύσας
838 2090 912 2142 δὲ
921 2090 1172 2175 ἀπέδωκε
1200 2090 1298 2156 τὴν
1325 2089 1660 2159 αὐτονομίαν

153 2169 218 2234 τῇ
246 2162 425 2217 πόλει.

226 2264 372 2327 Diog.
414 2264 581 2311 Lam-‚t
619 2264 657 2311 1.
702 2262 763 2310 74
813 2257 893 2325 [π.
942 2255 1272 2324 Πιττακοῦ]·
1313 2255 1471 2313 οὗτος
1515 2253 1654 2323 μετὰ

153 2355 260 2383 των
322 2305 595 2384 ’Ἀλκαίου
658 2329 942 2397 «γένομενος
994 2327 1251 2398 ἀδελφῶν
1315 2327 1660 2398 ΜέλαὙχρον

151 2404 377 2456 καθεῖλε
418 2403 510 2457 τὸν
551 2409 645 2469 τῆς
672 2402 900 2462 Λέσβου
933 2399 1212 2470 τύραννον·
1266 2400 1358 2453 καὶ
1400 2401 1524 2470 περὶ
1565 2405 1662 2466 τῆς

1386 2511 1413 2518 .-

204 2567 219 2591 1
249 2581 318 2607 see
339 2582 391 2607 on
416 2567 605 2620 Sapph0‚
630 2582 670 2619 p.
695 2570 769 2607 143
874 2567 890 2591 ²
920 2581 989 2606 see
1011 2567 1176 2617 alsofr.
1201 2567 1290 2613 121,
1313 2567 1383 2605 161
1407 2565 1494 2605 and
1516 2565 1653 2605 Arist.

148 2623 233 2663 Pol.
261 2623 359 2662 1311
380 2622 407 2662 b
546 2622 635 2661 ³of
656 2622 875 2674 Mytilene
895 2621 1130 2673 according
1150 2625 1198 2660 to
1220 2597 1377 2661 Su’idas
1398 2633 1429 2660 s.
1455 2621 1657 2668 Pittacus,

147 2700 245 2759 308
