1704 2937
660 225 745 270 LY
758 226 845 271 ΒΑ
894 226 1172 272 GRAECA

166 352 420 419 λέγοντες
447 352 612 406 αὐτὸν
642 377 737 407 του
767 355 1017 415 Φωκέως,
1042 360 1137 408 τοῦ
1166 356 1544 424 Εὐρυφῶντος,
1570 361 1666 409 τοῦ

164 423 426 493 (Ομηρου-
461 426 738 495 λυρικός,
731 427 785 484 ὸς
820 431 1033 497 πρῶτος
1064 428 1460 499 ἑπταχορδον’
1435 428 1666 494 εποίησε

166 496 262 563 τὴν
301 498 477 566 λύραν
512 500 603 551 καὶ
643 499 836 566 νόμους
869 500 1126 569 λυρικοὺς
1154 523 1368 570 πρῶτος
1395 501 1662 572 ἔγραψεν,

165 569 212 622 εἰ
240 569 333 623 καί
359 594 496 628 τινες
525 574 872 640 Φιλάμμωνα
901 574 1131 626 θέλουσι
1158 573 1511 644 γεγραφέναι.

243 686 368 733 Plu'c.
400 688 522 733 Mus.
557 689 629 736 18.

240 788 876 859 ΙΙ)ί(1.Ηρακλείδης
921 789 961 842 δ’
1005 791 1057 843 ἐν
1101 795 1165 857 τῇ
1212 788 1513 860 Συναγωγῇ
1559 794 1665 844 τῶν

167 863 222 914 ἐν
261 863 524 930 ἈΙουσικῇ
563 886 661 927 την
696 863 1031 933 κιθαρῳδίαν
1057 863 1149 916 καὶ
1178 887 1274 930 την
1301 863 1666 932 κιθαρῳδικην

163 932 390 998 ποίησιν
443 934 660 1004 πρῶτόν
703 941 873 1005 φησιν
911 935 1185 1006 Ἀμφίονα
1239 938 1534 1002 ἐπινοῆσαι
1573 937 1666 990 τὸν

166 1006 293 1063 Διὸς
339 1008 430 1060 καὶ
471 1007 787 1074 Ἀντιόπης,
830 1013 924 1062 τοῦ
964 1031 1174 1078 πατρος
1221 1008 1474 1074 δηλονότι
1521 1008 1663 1061 διδά-

166 1081 359 1146 ξαντος
401 1080 581 1134 αὐτόν.
660 1086 959 1134 πιστοῦται
1001 1081 1057 1134 δὲ
1100 1086 1263 1171 τρῦτο
1306 1083 1366 1134 ἐκ
1406 1087 1500 1148 τῆς
1540 1082 1666 1134 ἀνα-

166 1158 385 1241 γραφῆς
413 1159 507 1218 τῆς
536 1156 589 1206 ἐν
617 1151 845 1207 Σικυῶνι
876 1154 1253 1222 ἀποκειμένης,
1283 1153 1347 1207 δι’
1377 1155 1437 1220 ἧς
1473 1154 1570 1211 τάς
1610 1177 1666 1207 τε

168 1224 361 1295 ἱερείας
402 1227 496 1284 τὰς
538 1227 591 1279 ἐν
612 1226 804 1297 Ἀργει
845 1228 937 1280 καὶ
976 1227 1100 1284 τοὺς
1139 1225 1373 1293 ποιητὰς
1398 1226 1504 1279 καὶ
1543 1226 1667 1283 τοὺς·

165 1321 463 1363 μουσικους
497 1298 756 1367 ὀνομάζει.
836 1299 979 1353 κατὰ
1017 1300 1072 1352 δὲ
1109 1323 1206 1366 την
1243 1299 1414 1366 αὐτὴν
1444 1298 1667 1365 ἡλικίαν

169 1371 259 1423 καὶ
293 1370 455 1425 Λίνον
485 1414 495 1424 .
540 1414 550 1424 .
596 1413 605 1424 .
659 1372 809 1439 λέγει
837 1373 929 1424 καὶ
961 1373 1169 1438 ”Ανθην
1201 1414 1211 1425 .
1255 1414 1264 1424 .
1311 1415 1320 1425 .
1349 1371 1443 1425 καὶ
1463 1371 1666 1442 Πίερον

172 1484 182 1495 .
228 1485 238 1495 .
282 1466 311 1495 .·
343 1444 495 1496 ἀλλὰ
523 1447 615 1497 καὶ
643 1447 992 1513 Φιλάμμωνα
1026 1487 1036 1498 .
1079 1488 1088 1497 .
1134 1469 1165 1492 .·
1208 1445 1456 1515 Θάμυριν
1487 1444 1540 1497 δὲ
1570 1486 1581 1497 .
1613 1485 1624 1497 .

169 1539 260 1569 και
289 1516 605 1585 Δημόδοκον
648 1559 658 1570 .
702 1559 712 1571 .
757 1559 767 1570 .
810 1519 906 1571 καὶ
933 1518 1145 1586 Φημιον
1185 1560 1193 1568 .
1241 1560 1250 1570 .
1295 1559 1305 1570 .
1346 1519 1409 1570 οὐ
1435 1516 1665 1584 λελυμέ-

168 1612 263 1654 νην
290 1588 330 1641 δ’
361 1597 497 1643 εἰναι
527 1594 632 1643 τῶν
661 1591 1062 1658 προειρημένων
1089 1614 1187 1658 την
1214 1594 1322 1644 τῶν
1347 1590 1668 1658 ποιημάτων

168 1662 321 1729 λέξιν
369 1664 460 1715 καὶ
511 1662 707 1733 μέτρον
760 1687 855 1716 ουκ
909 1664 1168 1734 ἔχουσαν,
1212 1661 1366 1716 ἀλλὰ
1416 1663 1669 1754 καθάπερ

168 1731 521 1806 Στησιχόρου
564 1759 621 1789 τε
674 1737 766 1789 καὶ
811 1740 916 1789 τῶν
963 1735 1208 1807 ἀρχαιων
1250 1739 1577 1804 μελοποιῶν,
1619 1736 1669 1788 οἰ

169 1812 452 1865 ποιοῦντες
505 1808 627 1874 ἔπη,
670 1807 881 1865 τούτοις
934 1808 1075 1876 μέλη
1127 1808 1529 1879 περιετίθεσαν·
1575 1808 1670 1861 καὶ

167 1880 271 1969 γὰρ
324 1880 416 1934 τὸν
459 1881 807 1950 Τέρπανδρον
854 1882 956 1951 ἔφη
1008 1880 1387 1969 κιθαρῳδικῶν
1435 1879 1670 1947 ποιητὴν

171 1955 302 2006 ὄντα
332 1953 523 2022 νόμων,
552 1953 696 2007 κατὰ
723 1954 917 2021 νόμον1
949 1955 1188 2007 ἕκαστον
1216 1958 1327 2010 τοῖς
1359 1952 1520 2006 ἔπεσι
1557 1957 1671 2010 τοῖς

170 2027 366 2079 ἑαυτοῦ
408 2027 499 2080 καὶ
537 2032 646 2084 τοῖς
673 2025 918 2094 Ομηρου
956 2027 1098 2092 μέλη
1138 2025 1482 2095 περιτιθέντα
1522 2025 1670 2078 ἄδειν

170 2100 224 2151 ἐν
252 2104 364 2156 τοῖς
391 2101 619 2167 ἀγῶσιν·
643 2101 927 2169 ἀποφῆναι
956 2099 1010 2152 δὲ
1038 2103 1232 2153 τοῦτον
1256 2098 1407 2166 λέγει
1428 2098 1671 2166 ὀνόματα

169 2175 391 2241 πρῶτον
455 2177 579 2228 τοῦς
647 2172 1029 2243 κιθαρῳδικοῖς
1092 2172 1289 2241 νόμοις·
1356 2169 1550 2240 ὁμοίως
1614 2170 1670 2223 δὲ

170 2244 500 2332 Τερπάνδρῳ
557 2248 796 2305 Κλονᾶν,
839 2245 932 2298 τὸν
977 2248 1194 2313 πρῶτον
1248 2244 1671 2310 συστησάμενον

171 2339 294 2374 τους
321 2317 660 2386 αὐλῳδικοὺς
687 2317 880 2401 νόμους
902 2318 996 2371 καὶ
1019 2317 1087 2370 τὰ
1109 2315 1400 2388 προσόδια,
1419 2314 1672 2383 ἐλεγείων

171 2412 229 2442 τε
271 2390 362 2442 καὶ
402 2392 548 2443 ἐπῶν
587 2413 820 2454 ποιητην
858 2389 1136 2458 γεγονέναι
1171 2430 1182 2442 .
1226 2430 1236 2442 .
1282 2429 1292 2441 .
1335 2389 1383 2442 οἱ
1423 2388 1478 2441 δὲ
1518 2387 1669 2453 νόμοι

172 2462 223 2514 οἱ
249 2462 390 2515 κατὰ
429 2462 671 2523 τούτους,
707 2463 883 2530 ἀγαθὲ
918 2461 1330 2532 Ὀνησίκρατες,
1373 2460 1670 2530 αυλῳδικοὶ

171 2535 316 2599 ἦσαν
337 2577 346 2587 .
377 2579 385 2587 .
416 2578 425 2587 .
455 2535 505 2588 οἱ
534 2535 589 2588 δὲ
610 2541 704 2603 τῆς
727 2535 1052 2605 κιθαρῳδίας
1073 2533 1222 2603 νόμοι
1247 2533 1512 2604 πρότερον
1533 2541 1669 2586 πολ-

169 2612 250 2676 λῷ
278 2607 459 2679 χρόνῳ
487 2611 595 2661 τῶν
623 2608 941 2678 αὐλῳδικῶν
968 2607 1399 2673 κατεστάθησαν
1424 2605 1516 2660 ἐπὶ
1540 2607 1668 2676 Τερ·

171 2719 230 2749 20
