1704 2937
634 182 818 227 LYRA
870 182 1146 228 GRAECA

137 311 546 383 Ἀχιλλείτιδος
592 312 777 383 χώρας
820 314 1170 404 μαχομένων
1196 313 1504 379 Ἀθηναίων
1546 313 1640 367 καὶ

138 384 536 450 Μυτιληναίων
586 387 916 455 ἐστρατη-γει
967 387 1062 453 μὲν
1107 385 1286 446 αὐτός,
1330 386 1640 452 Ἀθηναίων

137 458 192 511 δὲ
221 457 449 527 Φρύνων
474 458 936 528 παγκρατιαστὴς
956 458 1407 526 Ὀλυμπιονίκης.
1487 458 1639 512 συνέ-

137 531 262 583 θετο
311 530 372 597 δὴ
424 552 817 601 μονομαχησαι
865 531 999 601 πρὸς
1041 531 1228 584 αὐτόν·
1278 533 1370 585 καὶ
1423 531 1642 584 δίκτυον

138 603 282 673 ἔχων
324 603 429 656 ὑπὸ
473 603 571 669 τὴν
610 603 841 664 ασπίδα,
883 605 1166 674 λαθραίως
1205 604 1510 675 περιέβαλε
1550 604 1642 657 τὸν

140 675 406 746 Φρύνωνα
472 677 564 729 καὶ
629 676 841 732 κτείνας
905 677 1230 730 ἀνεσώσατο
1301 677 1362 730 τὸ
1425 675 1643 749 χωρίον.

140 750 372 817 ὕστερον
433 749 617 817 μέντοι
689 751 858 819 φησὶν
921 748 1349 820 Απολλόδωρος
1414 751 1468 803 ἐν
1532 754 1645 806 τοῖς

140 820 429 892 Χρονικοῖς
482 821 904 889 διαδικασθῆναι
956 822 1080 879 τοὺς
1131 821 1460 888 Ἀθηναίους
1520 823 1646 893 περὶ

142 899 238 947 τοῦ
279 893 486 965 χωρίου
529 894 665 964 πρὸς
708 895 831 952 τοὺς
874 894 1306 960 ΒΙΙυτιληναίους,
1352 896 1645 951 ἀκούοντος

143 972 238 1034 τῆς
296 966 446 1032 δίκης
512 967 868 1038 Περιάνδρου,
918 968 976 1021 ὃν
1027 970 1123 1021 καὶ
1175 972 1287 1025 τοῖς
1329 966 1647 1034 Ἀθηναίοις

142 1062 493 1110 προσκριναι.
570 1040 694 1094 τότε
734 1039 777 1092 δ’
820 1041 913 1094 οὖν
946 1040 1039 1094 τὸν
1080 1040 1363 1094 Πιττακὸν
1401 1041 1647 1129 ἰσχυρῶς

143 1113 408 1180 ἐτίμησαν
450 1136 494 1166 οι
539 1116 929 1179 λΙυτιληναιοι,
960 1114 1051 1166 καὶ
1092 1113 1188 1181 τὴν
1228 1113 1409 1184 ἀρχὴν
1450 1112 1646 1184 ἐνεχεί-

142 1208 322 1256 ρησαν
362 1187 529 1256 αὐτῷ.
608 1185 633 1239 ὁ
676 1186 731 1240 δὲ
772 1186 900 1238 δέκα
944 1188 1036 1252 ἔτη
1084 1187 1390 1257 κατασχὼν
1435 1186 1531 1240 καὶ
1576 1185 1650 1242 εἰς

145 1259 301 1323 τάξιν
327 1259 550 1326 ἀγαγὼν
582 1259 643 1311 τὸ
685 1258 995 1326 πολίτευμα
1023 1258 1284 1313 κατέθετο
1325 1258 1424 1326 τὴν
1451 1258 1647 1330 ἀρχήν,

145 1331 239 1383 καὶ
267 1330 397 1384 δέκα
425 1331 632 1396 ἐπεβίω
662 1332 832 1385 ἄλλα.

593 1445 702 1464 ...νζ

216 1451 560 1513 Diog.Lae1·.t
599 1466 652 1501 ιο
711 1448 1052 1517 Ηράκλειτος
1089 1447 1146 1500 δέ
1182 1452 1350 1517 φησιν
1381 1447 1652 1499 Ἀλκαῖον

143 1517 465 1589 ὑποχείριον
530 1519 789 1584 λαβόντα
867 1544 958 1573 και
1035 1519 1409 1573 ἀπολύσαντα
1480 1519 1652 1590 φάναι

146 1590 482 1659 ’Συγγνώμη
523 1592 783 1662 τιμωρίας
823 1592 1129 1662 κρείσσων.

213 1712 343 1761 Ibid.
373 1711 431 1760 77
465 1706 789 1772 ἐτελεύτησε
819 1707 861 1759 δ’
884 1705 934 1774 (ὁ
959 1705 1263 1775 Πιττακὸς)
1286 1707 1378 1759 ἐπὶ
1396 1707 1649 1775 Ἀριστο-

140 1779 330 1846 μένους
373 1784 446 1849 τῷ
493 1778 654 1849 τρίτῳ
696 1779 803 1833 ἔτει
843 1785 938 1847 τῆς
978 1778 1357 1846 πεντηκόστης
1399 1779 1650 1850 δευτέρας

140 1851 542 1919 Ὀλυμπίαδος,
569 1852 730 1916 βιοὺς
760 1853 895 1923 ὑπὲρ
925 1853 1018 1918 ἔτη
1047 1852 1478 1920 ἑβδομήκοντα.1

211 1967 393 2013 Euseb.
469 1967 548 2014 Ol.
602 1968 677 2013 46.
732 1970 790 2013 2:
847 1967 1051 2030 Sappho
1102 1975 1154 2014 et
1205 1968 1422 2014 Alcaeus
1469 1974 1652 2030 poetae

145 2036 601 2096 cognoscebantur.

218 2150 628 2197 Ath.15.ss94a
681 2146 763 2214 [π.
813 2143 1079 2212 σκολίων]
1123 2186 1132 2197 .
1179 2186 1188 2197 .
1234 2186 1244 2197 .
1287 2146 1355 2202 ὡς
1399 2143 1652 2213 Ἀριστο-

147 2217 322 2286 φάνης
363 2218 706 2288 παρίστησιν
747 2219 801 2270 ἐν
841 2221 1220 2270 Δαιταλεῦσιν
1254 2217 1434 2285 λέγων
1465 2218 1652 2273 οὕτως·

214 2330 393 2385 'Ao-ov
453 2333 515 2400 δή
572 2356 663 2400 μοι
728 2329 959 2385 σκόλιόν
1021 2354 1073 2383 τι
1137 2331 1335 2395 λαβὼν
1383 2329 1653 2384 Ἀλκαίου

372 2405 817 2475 κἈνακρέοντος.

454 2576 465 2600 ³
499 2589 585 2617 mss
605 2575 691 2614 add
715 2578 789 2623 ἤδη
810 2575 974 2625 γηραιός
997 2589 1052 2614 an
1073 2575 1145 2614 old
1168 2575 1340 2614 variant

157 2668 182 2712 3
198 2669 214 2698 1
226 2669 254 2697 0
