1704 2937
711 304 1093 355 ETMHAOT

841 438 967 495 Βίος

225 553 363 599 Plus
395 555 582 600 2.1.1.
658 571 688 613 η
728 547 781 599 δὲ
818 547 1082 613 Κορινθία
1112 548 1287 618 χώρα,
1315 553 1478 617 μοῖρα
1507 550 1652 603 οὖσα

148 626 241 687 τῆς
293 620 548 689 Ἀργείας
601 619 713 673 ἀπὸ
766 620 1039 689 Κορίνθου
1096 622 1157 673 τὸ
1208 622 1378 689 ὄνομα
1410 622 1653 711 ἔσχηκε.

147 692 275 750 Διὸς
317 693 372 745 δὲ
416 700 553 746 εἰναι
600 692 870 762 Κόρινθον
908 692 1101 746 οὐδένα
1141 693 1261 746 οἶδα
1300 694 1526 748 εἰπόντα
1564 719 1653 749 πω

148 765 383 834 σπουδῇ,
415 766 564 832 πλην
603 764 905 834 Κορινθίων
937 770 1043 818 τῶν
1071 771 1317 819 πολλῶν.
1396 768 1654 836 Εὔμηλος

148 839 203 891 δὲ
245 838 270 891 6
309 837 659 929 Ἀμφιλύτου
708 842 813 891 τῶν
858 839 1149 909 Βακχιδῶν
1189 839 1557 907 καλουμένων,
1599 840 1655 899 ὃς

148 912 238 963 καὶ
268 935 335 963 τα
364 911 467 976 ἔπη
496 911 719 979 λέγεται
749 917 999 978 ποιῆσαι,
1021 913 1237 981 φησὶν’
1213 935 1267 964 εν
1294 917 1361 983 τῇ
1386 913 1655 987 Κορινθία

148 980 472 1053 Συγγραφῇ,
536 984 584 1036 εἰ
655 984 716 1048 δὴ
786 985 1045 1051 Εὐμηλου
1115 1008 1176 1053 γε
1240 1010 1271 1052 η
1336 989 1652 1057 συγγραφη,

144 1057 386 1126 Ἐφύραν
429 1056 703 1109 Ὠκεανοῦ
742 1057 1021 1125 θυγατέρα
1069 1058 1295 1125 οἰκῆσαι
1339 1081 1557 1126 πρωτον
1597 1061 1652 1111 ἐν

147 1135 212 1197 τῆ
241 1134 312 1199 γῇ
341 1129 511 1199 ταύτῃ
555 1171 564 1181 .
611 1171 620 1181 .
659 1171 668 1181 .

221 1220 636 1281 Scl1.Ap.Rh.
701 1222 739 1266 1.
797 1222 888 1266 146
955 1215 1219 1281 [Αἰτωλὶς
1295 1214 1490 1282 Ληδη]·
1533 1255 1544 1267 .
1587 1257 1598 1268 .
1643 1257 1653 1268 .

151 1287 405 1339 Γλαύκου
457 1287 511 1339 δὲ
563 1287 736 1354 αὐτὴν
783 1293 877 1340 τοῦ
929 1287 1180 1355 Σισύφου
1226 1288 1285 1339 ἐκ
1337 1287 1548 1356 πατρὸς
1599 1289 1653 1340 ἐν

150 1361 532 1429 Κορινθιακοῖς
595 1360 746 1427 λέγει
813 1361 1067 1427 Εὔμηλος
1131 1360 1226 1412 καὶ
1289 1359 1652 1418 Παντειδυίας

147 1432 364 1500 μητρός.

220 1523 332 1569 Soh.
366 1523 505 1568 Pind.
541 1522 592 1569 O.
628 1525 700 1569 13.
731 1524 792 1571 71
850 1517 1095 1570 διδάσκει
1126 1516 1179 1569 δὲ
1208 1520 1368 1569 τοῦτο
1396 1515 1654 1583 Εὔμηλός

150 1613 228 1646 τις
256 1589 487 1656 ποιητὴς
513 1590 791 1661 ἱστορικός
828 1632 837 1641 .
884 1633 893 1642 .
939 1632 949 1642 .

220 1680 375 1727 Clem.
418 1681 495 1726 Al.
535 1680 625 1727 Str.
671 1683 710 1727 G.
756 1682 848 1727 267
929 1672 996 1726 τὰ
1045 1673 1099 1724 δὲ
1138 1671 1404 1725 ἹῘσιόδου
1447 1671 1650 1739 μετήλ-

146 1749 329 1814 λαξαν
379 1748 452 1803 εἰς
504 1748 668 1814 πεζὸν
718 1748 886 1815 λόγον
940 1746 1034 1799 καὶ
1087 1747 1154 1802 ὡς
1202 1744 1312 1797 ἴδια
1357 1745 1653 1812 ἐξήνεγκαν

151 1820 406 1888 Εὔμηλός
435 1843 492 1872 τε
521 1822 611 1873 καὶ
640 1820 1013 1875 Ἀκουσίλαος
1041 1818 1090 1871 οἱ
1120 1817 1555 1887 ἱστοριογράφοι.

220 1911 346 1957 Ibid.
381 1913 418 1957 1.
453 1912 541 1956 151
613 1903 763 1955 ἀλλὰ
794 1903 887 1955 καὶ
916 1902 940 1955 6
971 1901 1068 1968 τὴν
1095 1899 1390 1971 Εὐρωπίαν
1413 1900 1652 1967 ποιήσας

147 1976 358 2047 ἱστορεῖ
390 1978 450 2031 τὸ
483 1981 538 2030 ἐν
566 1980 802 2047 Δελφοῖς
840 1977 1072 2043 ἄγαλμα
1099 1972 1459 2029 Ἀπόλλωνος
1498 1973 1652 2026 κίονα

148 2048 284 2104 εἶναι
313 2051 399 2104 διὰ
427 2051 593 2104 τῶνδε
635 2091 645 2102 .
688 2090 700 2102 .
745 2091 755 2102 .

221 2141 332 2187 Seh.
357 2142 412 2186 ll.
435 2142 460 2185 (ἶ
468 2141 587 2186 ,131
647 2156 742 2198 της
759 2131 1016 2217 ιστορίας
1043 2131 1253 2184 πολλοὶ
1278 2129 1650 2197 ἐμνησθησαν,

147 2208 570 2276 προηγουμένως
626 2205 681 2258 δὲ
746 2205 771 2257 6
831 2229 927 2270 την
982 2201 1275 2274 Εὐρωπίαν
1337 2201 1651 2268 πεποιηκὼς

152 2281 414 2348 Εὔμηλος.
1383 2300 1386 2304 ’

224 2367 361 2412 Paus.
410 2367 452 2412 9.
499 2367 541 2412 5.
590 2366 618 2410 8
697 2359 722 2412 6
777 2361 830 2412 δὲ
877 2360 945 2412 τὰ
997 2359 1102 2424 ἔπη
1155 2357 1222 2410 τὰ
1273 2358 1324 2414 ἐς
1379 2357 1651 2426 Εὐρώπην

146 2434 383 2499 ποιήσας
412 2434 583 2502 φησὶν
602 2432 876 2502 Ἀμφίονα
904 2431 1231 2502 χρήσασθαι
1253 2429 1398 2503 λύρᾳ
1425 2433 1648 2498 πρῶτον

147 2508 348 2576 Ἑρμοῦ
402 2506 736 2625 διδάξαντος.

222 2596 386 2642 Am*
369 2617 402 2643 ι.
462 2597 519 2643 77
548 2596 709 2641 d..
774 2588 799 2641 6
830 2587 925 2656 τὴν
948 2585 1362 2658 Τιτανομαχίαν
1393 2585 1647 2653 ποιήσας,

150 2703 204 2737 12
