1704 2937
637 202 818 248 LYRA
868 201 1151 250 GRAECA

839 334 930 381 106

189 421 340 460 Choer.
371 422 513 459 (r‘fttm.
545 423 614 460 Gr.
641 423 677 460 4.
710 423 742 461 l.
773 422 843 461 131
869 421 1006 460 Lentz
1061 423 1110 460 τὸ

669 494 708 547 ὦ
740 495 1068 566 Εὐρυδάμαν
1091 498 1106 527 1

133 589 238 639 παρὰ
259 594 313 638 τῷ
336 588 526 637 Ἀλκαίῳ,
553 589 656 637 μετὰ
676 591 748 627 τοῦ
771 605 791 627 ν
812 587 1036 638 λεγόμενον
1058 589 1162 628 κατὰ
1182 590 1257 637 τὴν
1277 588 1492 636 κλητικήν.

843 791 931 840 107

189 881 253 919 Εἰ.
290 878 408 930 May.
444 880 535 919 319.
571 880 635 918 30.
700 880 830 925 ἔθηκε·
863 879 1047 928 σημαίνει
1083 878 1167 927 δύο,
1200 879 1249 917 τὸ
1283 876 1582 930 προκατέθηκεν
1614 879 1639 926 ἢ

135 935 336 981 ἐποίησεν·
371 965 380 974 .
416 964 424 972 .
459 965 466 973 .
500 935 569 984 ἀφ’
593 933 635 972 o'x‘]
659 935 722 972 καὶ

812 1008 962 1066 θέσις

132 1105 155 1151 ἡ
179 1103 339 1150 ποίησις
360 1104 463 1155 παρὰ
484 1103 672 1152 Ἀλκοίῳ.

846 1262 936 1309 108

186 1354 328 1395 Cram.
356 1355 464 1396 A.P.
491 1354 526 1394 3.
555 1355 647 1396 278.
675 1355 698 1392 9
730 1385 738 1393 ,
775 1385 782 1392 .
820 1383 831 1393 .
867 1351 950 1393 οἶόν
973 1354 1062 1392 ἐστι
1082 1354 1187 1404 παρὰ
1207 1355 1266 1405 τῷ
1285 1352 1461 1404 Ἀλκαίῳ
1479 1353 1528 1392 τὸ

786 1430 978 1483 κάλων

133 1525 220 1563 ἀντὶ
244 1526 316 1563 τοῦ
337 1523 525 1563 κάλλιον.

805 1682 895 1730 108
923 1684 967 1731 Α

187 1772 284 1812 Sch.
322 1773 393 1812 Od.
429 1773 493 1810 11.
522 1772 595 1810 521
637 1770 853 1820 [Κήτειοι]·
888 1798 900 1810 .
937 1800 946 1809 .
979 1801 988 1809 .
1027 1771 1076 1818 ἦν
1104 1771 1183 1823 γὰρ
1215 1774 1235 1810 ὁ
1265 1771 1454 1824 Τήλεφος
1480 1771 1636 1812 Μυσίας

135 1827 343 1875 Βασιλεύς,
374 1828 436 1866 καὶ
468 1829 658 1866 Ἀλκαῖος
689 1825 731 1864 δέ
761 1835 862 1876 φησι
893 1827 966 1864 τὸν

765 1900 998 1968 Κήτειοι)

132 1998 219 2036 ἀντὶ
251 1999 322 2035 τοῦ
356 1992 509 2034 Μυσόν.

842 2135 931 2181 109

183 2225 337 2265 Choer.
368 2225 510 2263 Gram.
541 2223 614 2261 G'r.
638 2224 675 2261 4.
705 2223 738 2260 1.
765 2222 816 2262 27
838 2235 863 2260 a
884 2221 1021 2260 Lentz
1052 2222 1108 2271 [π.
1135 2224 1217 2260 τῶν
1238 2222 1295 2261 εἷς
1316 2237 1361 2260 vv
1380 2221 1630 2274 ληγόντων]·
1650 2240 1652 2242 ·

130 2281 264 2319 κίνδυν
301 2279 494 2325 κίνδυνος,
527 2278 701 2316 κίνδυνω
739 2277 867 2315 οὕτως
898 2274 941 2314 δὲ
975 2281 1053 2327 ἔφη
1084 2277 1235 2328 Σαπφὼ
1273 2278 1323 2316 τὸ
1358 2276 1549 2318 κίνδυνος.
1611 2281 1631 2318 ὁ

127 2338 228 2386 ’γοῦν
258 2336 448 2374 Ἀλκαῖος
469 2333 544 2378 τὴν
567 2333 729 2378 δοτικὴν
750 2330 828 2381 ἔφη
848 2331 896 2369 τὸ

750 2404 954 2458 κίνδυνι
977 2403 1000 2436 2

181 2576 191 2600 ¹
225 2576 375 2616 const.
405 2574 450 2613 L.
474 2572 718 2622 Πολυδάμαν
828 2570 845 2595 2
874 2571 941 2611 fot·
967 2583 1054 2610 mss
1074 2569 1255 2622 reading
1276 2569 1330 2611 cf.
1356 2570 1422 2611 Sa.
1452 2573 1528 2611 184

126 2658 220 2717 386
