<?xml version="1.0" encoding="UTF-8"?>
<!DOCTYPE html PUBLIC "-//W3C//DTD XHTML 1.0 Transitional//EN"
    "http://www.w3.org/TR/xhtml1/DTD/xhtml1-transitional.dtd">
<html xmlns="http://www.w3.org/1999/xhtml" xml:lang="en" lang="en">
 <head>
  <title>
</title>
<meta http-equiv="Content-Type" content="text/html;charset=utf-8" />
  <meta name='ocr-system' content='tesseract 3.04.00' />
  <meta name='ocr-capabilities' content='ocr_page ocr_carea ocr_par ocr_line ocrx_word'/>
</head>
<body>
  <div class='ocr_page' id='page_1' title='image "./lyragraecabeingr01edmouoft_0338.png"; bbox 0 0 1704 2937; ppageno 0'>
   <div class='ocr_carea' id='block_1_1' title="bbox 635 186 1153 233">
    <p class='ocr_par' dir='ltr' id='par_1_1' title="bbox 635 186 1153 233">
     <span class='ocr_line' id='line_1_1' title="bbox 635 186 1153 233; baseline -0.002 0"><span class='ocrx_word' id='word_1_1' title='bbox 635 187 821 233; x_wconf 90' lang='lat' dir='ltr'><strong>LYRA</strong></span> <span class='ocrx_word' id='word_1_2' title='bbox 873 186 1153 232; x_wconf 87' lang='lat' dir='ltr'><strong>GRAECA</strong></span> 
     </span>
    </p>
   </div>
   <div class='ocr_carea' id='block_1_2' title="bbox 135 313 1641 535">
    <p class='ocr_par' dir='ltr' id='par_1_2' title="bbox 135 313 1641 535">
     <span class='ocr_line' id='line_1_2' title="bbox 209 313 1640 389; baseline -0.003 -17"><span class='ocrx_word' id='word_1_3' title='bbox 209 326 345 373; x_wconf 90' lang='lat' dir='ltr'><strong>Suid.</strong></span> <span class='ocrx_word' id='word_1_4' title='bbox 425 318 657 386; x_wconf 79' lang='grc' dir='ltr'>Δράκων</span> <span class='ocrx_word' id='word_1_5' title='bbox 734 316 1145 389; x_wconf 75' lang='grc' dir='ltr'>Στρατονικεύς·</span> <span class='ocrx_word' id='word_1_6' title='bbox 1241 313 1640 387; x_wconf 63' lang='grc' dir='ltr'>γραμματικός.</span> 
     </span>
     <span class='ocr_line' id='line_1_3' title="bbox 138 389 1641 459; baseline -0.003 -14"><span class='ocrx_word' id='word_1_7' title='bbox 138 434 147 444; x_wconf 93' lang='grc'><strong>.</strong></span> <span class='ocrx_word' id='word_1_8' title='bbox 208 434 218 444; x_wconf 91' lang='grc'><strong>.</strong></span> <span class='ocrx_word' id='word_1_9' title='bbox 275 436 283 445; x_wconf 95' lang='grc'><em>.</em></span> <span class='ocrx_word' id='word_1_10' title='bbox 343 392 479 459; x_wconf 85' lang='grc' dir='ltr'>Περὶ</span> <span class='ocrx_word' id='word_1_11' title='bbox 544 394 651 444; x_wconf 83' lang='grc' dir='ltr'>τῶν</span> <span class='ocrx_word' id='word_1_12' title='bbox 713 390 992 459; x_wconf 82' lang='grc' dir='ltr'>Πινδάρου</span> <span class='ocrx_word' id='word_1_13' title='bbox 1058 392 1279 449; x_wconf 82' lang='grc' dir='ltr'>Μελῶν,</span> <span class='ocrx_word' id='word_1_14' title='bbox 1346 389 1482 457; x_wconf 84' lang='grc' dir='ltr'>Περὶ</span> <span class='ocrx_word' id='word_1_15' title='bbox 1533 391 1641 441; x_wconf 78' lang='grc' dir='ltr'>τῶν</span> 
     </span>
     <span class='ocr_line' id='line_1_4' title="bbox 135 461 1546 535; baseline -0.004 -16"><span class='ocrx_word' id='word_1_16' title='bbox 135 465 403 535; x_wconf 80' lang='grc' dir='ltr'>Σαπφοῦς</span> <span class='ocrx_word' id='word_1_17' title='bbox 432 463 684 534; x_wconf 85' lang='grc' dir='ltr'>Μέτρωυ,</span> <span class='ocrx_word' id='word_1_18' title='bbox 713 465 852 532; x_wconf 89' lang='grc' dir='ltr'>Περὶ</span> <span class='ocrx_word' id='word_1_19' title='bbox 881 466 987 515; x_wconf 80' lang='grc' dir='ltr'>τῶν</span> <span class='ocrx_word' id='word_1_20' title='bbox 1014 461 1289 515; x_wconf 79' lang='grc' dir='ltr'>Ἀλκαίου</span> <span class='ocrx_word' id='word_1_21' title='bbox 1323 464 1546 515; x_wconf 84' lang='grc' dir='ltr'>Μελῶν.</span> 
     </span>
    </p>
   </div>
   <div class='ocr_carea' id='block_1_3' title="bbox 133 555 1641 847">
    <p class='ocr_par' dir='ltr' id='par_1_3' title="bbox 133 555 1641 847">
     <span class='ocr_line' id='line_1_5' title="bbox 207 555 1641 628; baseline -0.003 -16"><span class='ocrx_word' id='word_1_22' title='bbox 207 566 338 614; x_wconf 85' lang='lat' dir='ltr'>Ibid.</span> <span class='ocrx_word' id='word_1_23' title='bbox 414 557 809 628; x_wconf 63' lang='grc' dir='ltr'>“Ωραπόλλων·</span> <span class='ocrx_word' id='word_1_24' title='bbox 842 600 849 608; x_wconf 98' lang='grc'><em>.</em></span> <span class='ocrx_word' id='word_1_25' title='bbox 1001 555 1379 626; x_wconf 48' lang='grc' dir='ltr'>1’γραμχιιατικὸς</span> <span class='ocrx_word' id='word_1_26' title='bbox 1416 555 1641 622; x_wconf 82' lang='grc' dir='ltr'><em>διδάξας</em></span> 
     </span>
     <span class='ocr_line' id='line_1_6' title="bbox 133 628 1640 703; baseline -0.004 -17"><span class='ocrx_word' id='word_1_27' title='bbox 133 633 188 686; x_wconf 83' lang='grc' dir='ltr'>ἐν</span> <span class='ocrx_word' id='word_1_28' title='bbox 215 630 611 703; x_wconf 79' lang='grc' dir='ltr'>Ἀλεξανδρεία</span> <span class='ocrx_word' id='word_1_29' title='bbox 637 653 730 683; x_wconf 87' lang='grc' dir='ltr'>και</span> <span class='ocrx_word' id='word_1_30' title='bbox 750 653 803 683; x_wconf 86' lang='grc' dir='ltr'>ευ</span> <span class='ocrx_word' id='word_1_31' title='bbox 823 628 1109 698; x_wconf 62' lang='grc' dir='ltr'>Αἰγύπτῳ,</span> <span class='ocrx_word' id='word_1_32' title='bbox 1130 628 1248 682; x_wconf 83' lang='grc' dir='ltr'>εἶτα</span> <span class='ocrx_word' id='word_1_33' title='bbox 1266 630 1321 681; x_wconf 87' lang='grc' dir='ltr'>ἐν</span> <span class='ocrx_word' id='word_1_34' title='bbox 1342 630 1640 681; x_wconf 49' lang='grc' dir='ltr'>Κωυσταν*</span> 
     </span>
     <span class='ocr_line' id='line_1_7' title="bbox 134 699 1638 771; baseline -0.003 -12"><span class='ocrx_word' id='word_1_35' title='bbox 134 705 451 760; x_wconf 82' lang='grc' dir='ltr'>τινουπόλει</span> <span class='ocrx_word' id='word_1_36' title='bbox 503 704 595 756; x_wconf 85' lang='grc' dir='ltr'>ἐπὶ</span> <span class='ocrx_word' id='word_1_37' title='bbox 648 700 966 755; x_wconf 83' lang='grc' dir='ltr'>Θεοδοσίου.</span> <span class='ocrx_word' id='word_1_38' title='bbox 1046 702 1263 771; x_wconf 62' lang='grc' dir='ltr'>ἔγραψε</span> <span class='ocrx_word' id='word_1_39' title='bbox 1310 742 1322 754; x_wconf 94' lang='grc'><strong><em>.</em></strong></span> <span class='ocrx_word' id='word_1_40' title='bbox 1366 743 1377 754; x_wconf 91' lang='grc'><strong>.</strong></span> <span class='ocrx_word' id='word_1_41' title='bbox 1474 699 1638 754; x_wconf 82' lang='grc' dir='ltr'>Τπὸ-</span> 
     </span>
     <span class='ocr_line' id='line_1_8' title="bbox 134 742 1433 847; baseline -0.006 -15"><span class='ocrx_word' id='word_1_42' title='bbox 134 801 320 847; x_wconf 85' lang='grc' dir='ltr'>μνημα</span> <span class='ocrx_word' id='word_1_43' title='bbox 347 775 713 847; x_wconf 79' lang='grc' dir='ltr'>Σοφοκλέους,</span> <span class='ocrx_word' id='word_1_44' title='bbox 741 773 1026 834; x_wconf 84' lang='grc' dir='ltr'>Ἀλκαίου,</span> <span class='ocrx_word' id='word_1_45' title='bbox 1056 775 1129 831; x_wconf 77' lang='grc' dir='ltr'>εἰς</span> <span class='ocrx_word' id='word_1_46' title='bbox 1143 742 1433 845; x_wconf 27' lang='grc' dir='ltr'>ἩΟμηρον.</span> 
     </span>
    </p>
   </div>
   <div class='ocr_carea' id='block_1_4' title="bbox 137 947 1643 1079">
    <p class='ocr_par' dir='ltr' id='par_1_4' title="bbox 137 947 1643 1079">
     <span class='ocr_line' id='line_1_9' title="bbox 204 947 1639 1012; baseline -0.003 -13"><span class='ocrx_word' id='word_1_47' title='bbox 204 953 334 999; x_wconf 78' lang='lat' dir='ltr'>Vide</span> <span class='ocrx_word' id='word_1_48' title='bbox 375 952 495 998; x_wconf 83' lang='lat' dir='ltr'><em>A.P.</em></span> <span class='ocrx_word' id='word_1_49' title='bbox 539 952 581 997; x_wconf 83' lang='lat'>9.</span> <span class='ocrx_word' id='word_1_50' title='bbox 631 951 743 1008; x_wconf 73' lang='lat'>184,</span> <span class='ocrx_word' id='word_1_51' title='bbox 785 951 900 1008; x_wconf 81' lang='lat'>571,</span> <span class='ocrx_word' id='word_1_52' title='bbox 941 951 1072 996; x_wconf 84' lang='lat' dir='ltr'><strong>Max.</strong></span> <span class='ocrx_word' id='word_1_53' title='bbox 1115 949 1231 1012; x_wconf 85' lang='lat' dir='ltr'><strong>Tyr.</strong></span> <span class='ocrx_word' id='word_1_54' title='bbox 1275 948 1356 1006; x_wconf 82' lang='lat'>37,</span> <span class='ocrx_word' id='word_1_55' title='bbox 1395 948 1479 994; x_wconf 85' lang='lat' dir='ltr'>Ar.</span> <span class='ocrx_word' id='word_1_56' title='bbox 1523 947 1639 1010; x_wconf 81' lang='lat' dir='ltr'><strong>Byz.</strong></span> 
     </span>
     <span class='ocr_line' id='line_1_10' title="bbox 137 1015 1643 1079; baseline -0.005 -11"><span class='ocrx_word' id='word_1_57' title='bbox 137 1039 201 1068; x_wconf 91' lang='lat' dir='ltr'>on</span> <span class='ocrx_word' id='word_1_58' title='bbox 228 1023 312 1069; x_wconf 89' lang='lat' dir='ltr'>Ar.</span> <span class='ocrx_word' id='word_1_59' title='bbox 347 1020 524 1067; x_wconf 75' lang='lat' dir='ltr'><em>Thesm.</em></span> <span class='ocrx_word' id='word_1_60' title='bbox 559 1020 671 1077; x_wconf 80' lang='lat'>162,</span> <span class='ocrx_word' id='word_1_61' title='bbox 696 1019 816 1065; x_wconf 77' lang='lat' dir='ltr'>Ath.</span> <span class='ocrx_word' id='word_1_62' title='bbox 849 1020 923 1065; x_wconf 86' lang='lat'>10.</span> <span class='ocrx_word' id='word_1_63' title='bbox 955 1019 1050 1064; x_wconf 81' lang='lat'>429</span> <span class='ocrx_word' id='word_1_64' title='bbox 1071 1035 1115 1075; x_wconf 83' lang='lat' dir='ltr'>a,</span> <span class='ocrx_word' id='word_1_65' title='bbox 1144 1019 1282 1063; x_wconf 87' lang='lat' dir='ltr'><strong>Him.</strong></span> <span class='ocrx_word' id='word_1_66' title='bbox 1310 1034 1387 1079; x_wconf 83' lang='lat' dir='ltr'>ap.</span> <span class='ocrx_word' id='word_1_67' title='bbox 1418 1015 1643 1063; x_wconf 86' lang='lat' dir='ltr'>Schenkl</span> 
     </span>
    </p>
   </div>
   <div class='ocr_carea' id='block_1_5' title="bbox 549 1299 1231 1351">
    <p class='ocr_par' dir='ltr' id='par_1_5' title="bbox 549 1299 1231 1351">
     <span class='ocr_line' id='line_1_11' title="bbox 549 1299 1231 1351; baseline -0.004 0"><span class='ocrx_word' id='word_1_68' title='bbox 549 1300 901 1351; x_wconf 77' lang='lat' dir='ltr'><strong>AAKAIOT</strong></span> <span class='ocrx_word' id='word_1_69' title='bbox 956 1299 1231 1350; x_wconf 87' lang='grc' dir='ltr'>ΜΕΛΩΝ</span> 
     </span>
    </p>
   </div>
   <div class='ocr_carea' id='block_1_6' title="bbox 751 1412 1035 1582">
    <p class='ocr_par' dir='ltr' id='par_1_6' title="bbox 751 1412 1035 1582">
     <span class='ocr_line' id='line_1_12' title="bbox 871 1412 918 1452; baseline 0 -23"><span class='ocrx_word' id='word_1_70' title='bbox 871 1412 918 1452; x_wconf 66' lang='grc' dir='ltr'>Α,</span> 
     </span>
     <span class='ocr_line' id='line_1_13' title="bbox 751 1531 1035 1582; baseline -0.004 0"><span class='ocrx_word' id='word_1_71' title='bbox 751 1531 1035 1582; x_wconf 78' lang='grc' dir='ltr'>ΤΜΝΩΝ</span> 
     </span>
    </p>
   </div>
   <div class='ocr_carea' id='block_1_7' title="bbox 195 1645 1639 1784">
    <p class='ocr_par' dir='ltr' id='par_1_7' title="bbox 195 1645 1639 1784">
     <span class='ocr_line' id='line_1_14' title="bbox 667 1645 1127 1696; baseline -0.004 -2"><span class='ocrx_word' id='word_1_72' title='bbox 667 1648 690 1694; x_wconf 86' lang='grc'>1</span> <span class='ocrx_word' id='word_1_73' title='bbox 765 1649 825 1696; x_wconf 83' lang='grc' dir='ltr'>εἷς</span> <span class='ocrx_word' id='word_1_74' title='bbox 846 1645 1127 1693; x_wconf 75' lang='grc' dir='ltr'>Ἀπόλλωνα</span> 
     </span>
     <span class='ocr_line' id='line_1_15' title="bbox 195 1731 1639 1784; baseline -0.001 -11"><span class='ocrx_word' id='word_1_75' title='bbox 195 1735 581 1776; x_wconf 69' lang='lat' dir='ltr'>Him.01·.14.10</span> <span class='ocrx_word' id='word_1_76' title='bbox 621 1731 747 1773; x_wconf 85' lang='grc' dir='ltr'>ἐθέλω</span> <span class='ocrx_word' id='word_1_77' title='bbox 770 1734 810 1773; x_wconf 85' lang='grc' dir='ltr'>δὲ</span> <span class='ocrx_word' id='word_1_78' title='bbox 835 1737 924 1784; x_wconf 84' lang='grc' dir='ltr'>ὑμῖν</span> <span class='ocrx_word' id='word_1_79' title='bbox 945 1734 1008 1773; x_wconf 79' lang='grc' dir='ltr'>καὶ</span> <span class='ocrx_word' id='word_1_80' title='bbox 1030 1732 1222 1774; x_wconf 82' lang='grc' dir='ltr'>Ἀλκαιου</span> <span class='ocrx_word' id='word_1_81' title='bbox 1242 1733 1332 1772; x_wconf 81' lang='grc' dir='ltr'>τινὰ</span> <span class='ocrx_word' id='word_1_82' title='bbox 1353 1731 1481 1782; x_wconf 81' lang='grc' dir='ltr'>λόγον</span> <span class='ocrx_word' id='word_1_83' title='bbox 1500 1731 1639 1771; x_wconf 83' lang='grc' dir='ltr'>εἶπεΐν.</span> 
     </span>
    </p>
   </div>
   <div class='ocr_carea' id='block_1_8' title="bbox 139 1786 1647 2223">
    <p class='ocr_par' dir='ltr' id='par_1_8' title="bbox 139 1786 1647 2223">
     <span class='ocr_line' id='line_1_16' title="bbox 139 1786 1647 1842; baseline -0.003 -12.993"><span class='ocrx_word' id='word_1_84' title='bbox 139 1791 186 1829; x_wconf 89' lang='grc' dir='ltr'>ον</span> <span class='ocrx_word' id='word_1_85' title='bbox 209 1792 358 1830; x_wconf 82' lang='grc' dir='ltr'>ἐκεῖνος</span> <span class='ocrx_word' id='word_1_86' title='bbox 377 1788 480 1842; x_wconf 83' lang='grc' dir='ltr'>ᾐσεν</span> <span class='ocrx_word' id='word_1_87' title='bbox 501 1791 543 1828; x_wconf 89' lang='grc' dir='ltr'>ἐν</span> <span class='ocrx_word' id='word_1_88' title='bbox 562 1789 710 1838; x_wconf 85' lang='grc' dir='ltr'>μέλεσι</span> <span class='ocrx_word' id='word_1_89' title='bbox 731 1791 878 1827; x_wconf 80' lang='grc' dir='ltr'>παιᾶνα</span> <span class='ocrx_word' id='word_1_90' title='bbox 897 1788 1065 1839; x_wconf 75' lang='grc' dir='ltr'>γράφων</span> <span class='ocrx_word' id='word_1_91' title='bbox 1085 1790 1328 1828; x_wconf 88' lang='grc' dir='ltr'>Ἀπόλλωνι.</span> <span class='ocrx_word' id='word_1_92' title='bbox 1388 1788 1461 1838; x_wconf 84' lang='grc' dir='ltr'>ἐρῶ</span> <span class='ocrx_word' id='word_1_93' title='bbox 1492 1786 1534 1825; x_wconf 85' lang='grc' dir='ltr'>δὲ</span> <span class='ocrx_word' id='word_1_94' title='bbox 1557 1789 1647 1836; x_wconf 81' lang='grc' dir='ltr'>ὑμῖν</span> 
     </span>
     <span class='ocr_line' id='line_1_17' title="bbox 141 1841 1646 1893; baseline -0.003 -9"><span class='ocrx_word' id='word_1_95' title='bbox 141 1847 184 1884; x_wconf 82' lang='grc' dir='ltr'>οὐ</span> <span class='ocrx_word' id='word_1_96' title='bbox 206 1846 308 1884; x_wconf 85' lang='grc' dir='ltr'>κατὰ</span> <span class='ocrx_word' id='word_1_97' title='bbox 328 1846 378 1884; x_wconf 83' lang='grc' dir='ltr'>τὰ</span> <span class='ocrx_word' id='word_1_98' title='bbox 407 1844 516 1893; x_wconf 84' lang='grc' dir='ltr'>μέλη</span> <span class='ocrx_word' id='word_1_99' title='bbox 537 1845 588 1882; x_wconf 81' lang='grc' dir='ltr'>τὰ</span> <span class='ocrx_word' id='word_1_100' title='bbox 615 1843 782 1891; x_wconf 84' lang='grc' dir='ltr'>Λὲσβια,</span> <span class='ocrx_word' id='word_1_101' title='bbox 808 1845 893 1882; x_wconf 84' lang='grc' dir='ltr'>ἐπεὶ</span> <span class='ocrx_word' id='word_1_102' title='bbox 915 1843 1014 1890; x_wconf 85' lang='grc' dir='ltr'>μηδὲ</span> <span class='ocrx_word' id='word_1_103' title='bbox 1034 1841 1242 1890; x_wconf 88' lang='grc' dir='ltr'>ποιητικός</span> <span class='ocrx_word' id='word_1_104' title='bbox 1262 1858 1324 1882; x_wconf 86' lang='grc' dir='ltr'>τις</span> <span class='ocrx_word' id='word_1_105' title='bbox 1347 1843 1440 1893; x_wconf 82' lang='grc' dir='ltr'>ἐγώ,</span> <span class='ocrx_word' id='word_1_106' title='bbox 1466 1841 1577 1881; x_wconf 80' lang='grc' dir='ltr'>ἀλλὰ</span> <span class='ocrx_word' id='word_1_107' title='bbox 1599 1842 1646 1880; x_wconf 83' lang='grc' dir='ltr'>τὸ</span> 
     </span>
     <span class='ocr_line' id='line_1_18' title="bbox 139 1894 1639 1967; baseline -0.002 -30"><span class='ocrx_word' id='word_1_108' title='bbox 139 1897 286 1950; x_wconf 85' lang='grc' dir='ltr'>μέτρον</span> <span class='ocrx_word' id='word_1_109' title='bbox 306 1900 404 1938; x_wconf 78' lang='grc' dir='ltr'>αὐτὸ</span> <span class='ocrx_word' id='word_1_110' title='bbox 429 1898 560 1938; x_wconf 78' lang='grc' dir='ltr'>λύσας</span> <span class='ocrx_word' id='word_1_111' title='bbox 585 1898 642 1938; x_wconf 87' lang='grc' dir='ltr'>εἷς</span> <span class='ocrx_word' id='word_1_112' title='bbox 666 1896 795 1967; x_wconf 71' lang='grc' dir='ltr'>λό’γρν</span> <span class='ocrx_word' id='word_1_113' title='bbox 821 1900 894 1944; x_wconf 82' lang='grc' dir='ltr'>τῆς</span> <span class='ocrx_word' id='word_1_114' title='bbox 919 1900 1057 1948; x_wconf 86' lang='grc' dir='ltr'>λῦρας.</span> <span class='ocrx_word' id='word_1_115' title='bbox 1121 1898 1191 1937; x_wconf 85' lang='grc' dir='ltr'>ὅτε</span> <span class='ocrx_word' id='word_1_116' title='bbox 1214 1897 1433 1936; x_wconf 79' lang='grc' dir='ltr'>Ἀπόλλων</span> <span class='ocrx_word' id='word_1_117' title='bbox 1462 1894 1639 1946; x_wconf 81' lang='grc' dir='ltr'>ἐγένετο,</span> 
     </span>
     <span class='ocr_line' id='line_1_19' title="bbox 141 1949 1642 2004; baseline -0.003 -10"><span class='ocrx_word' id='word_1_118' title='bbox 141 1953 354 2002; x_wconf 80' lang='grc' dir='ltr'>κοσμήσας</span> <span class='ocrx_word' id='word_1_119' title='bbox 385 1954 508 1992; x_wconf 79' lang='grc' dir='ltr'>αὐτὸν</span> <span class='ocrx_word' id='word_1_120' title='bbox 539 1956 558 1991; x_wconf 84' lang='grc' dir='ltr'><em>ὁ</em></span> <span class='ocrx_word' id='word_1_121' title='bbox 591 1954 685 1993; x_wconf 86' lang='grc' dir='ltr'>Ζεὺς</span> <span class='ocrx_word' id='word_1_122' title='bbox 716 1953 836 2004; x_wconf 74' lang='grc' dir='ltr'>μίτρᾳ</span> <span class='ocrx_word' id='word_1_123' title='bbox 869 1968 914 1991; x_wconf 90' lang='grc' dir='ltr'>τε</span> <span class='ocrx_word' id='word_1_124' title='bbox 950 1955 1082 2004; x_wconf 81' lang='grc' dir='ltr'>χρυσῇ</span> <span class='ocrx_word' id='word_1_125' title='bbox 1119 1954 1182 1992; x_wconf 82' lang='grc' dir='ltr'>καὶ</span> <span class='ocrx_word' id='word_1_126' title='bbox 1215 1949 1330 2004; x_wconf 76' lang='grc' dir='ltr'>λύρα,</span> <span class='ocrx_word' id='word_1_127' title='bbox 1366 1951 1456 1990; x_wconf 86' lang='grc' dir='ltr'>δούς</span> <span class='ocrx_word' id='word_1_128' title='bbox 1493 1966 1541 1989; x_wconf 91' lang='grc' dir='ltr'>τε</span> <span class='ocrx_word' id='word_1_129' title='bbox 1581 1951 1642 1989; x_wconf 80' lang='grc' dir='ltr'>ἐπὶ</span> 
     </span>
     <span class='ocr_line' id='line_1_20' title="bbox 141 2002 1646 2075; baseline -0.003 -27"><span class='ocrx_word' id='word_1_130' title='bbox 141 2007 300 2048; x_wconf 83' lang='grc' dir='ltr'>τούτοις</span> <span class='ocrx_word' id='word_1_131' title='bbox 337 2008 441 2059; x_wconf 78' lang='grc' dir='ltr'>ἅρμα</span> <span class='ocrx_word' id='word_1_132' title='bbox 480 2007 679 2055; x_wconf 83' lang='grc' dir='ltr'>ἐλαύνειν,</span> <span class='ocrx_word' id='word_1_133' title='bbox 717 2007 853 2046; x_wconf 80' lang='grc' dir='ltr'>κύκνοι</span> <span class='ocrx_word' id='word_1_134' title='bbox 893 2006 934 2045; x_wconf 85' lang='grc' dir='ltr'>δὲ</span> <span class='ocrx_word' id='word_1_135' title='bbox 974 2005 1080 2052; x_wconf 77' lang='grc' dir='ltr'>ἦσαν</span> <span class='ocrx_word' id='word_1_136' title='bbox 1117 2009 1167 2047; x_wconf 83' lang='grc' dir='ltr'>τὸ</span> <span class='ocrx_word' id='word_1_137' title='bbox 1206 2005 1323 2075; x_wconf 78' lang='grc' dir='ltr'>ἅρμα,</span> <span class='ocrx_word' id='word_1_138' title='bbox 1363 2005 1420 2046; x_wconf 82' lang='grc' dir='ltr'>εἷς</span> <span class='ocrx_word' id='word_1_139' title='bbox 1457 2002 1646 2055; x_wconf 89' lang='grc' dir='ltr'>Δέλφους</span> 
     </span>
     <span class='ocr_line' id='line_1_21' title="bbox 141 2058 1643 2114; baseline -0.002 -14"><span class='ocrx_word' id='word_1_140' title='bbox 141 2064 289 2114; x_wconf 81' lang='grc' dir='ltr'>πέμπει</span> <span class='ocrx_word' id='word_1_141' title='bbox 321 2064 384 2102; x_wconf 81' lang='grc' dir='ltr'>καὶ</span> <span class='ocrx_word' id='word_1_142' title='bbox 422 2062 656 2101; x_wconf 84' lang='grc' dir='ltr'>Κασταλίας</span> <span class='ocrx_word' id='word_1_143' title='bbox 689 2060 844 2110; x_wconf 80' lang='grc' dir='ltr'>νάματα</span> <span class='ocrx_word' id='word_1_144' title='bbox 877 2063 1028 2100; x_wconf 81' lang='grc' dir='ltr'>ἐκεῖθεν</span> <span class='ocrx_word' id='word_1_145' title='bbox 1059 2060 1398 2111; x_wconf 85' lang='grc' dir='ltr'>προφητεύσοντα</span> <span class='ocrx_word' id='word_1_146' title='bbox 1436 2060 1550 2107; x_wconf 84' lang='grc' dir='ltr'>δίκην</span> <span class='ocrx_word' id='word_1_147' title='bbox 1580 2058 1643 2098; x_wconf 83' lang='grc' dir='ltr'>καὶ</span> 
     </span>
     <span class='ocr_line' id='line_1_22' title="bbox 143 2114 1644 2167; baseline -0.003 -11"><span class='ocrx_word' id='word_1_148' title='bbox 143 2119 255 2167; x_wconf 85' lang='grc' dir='ltr'>θέμιν</span> <span class='ocrx_word' id='word_1_149' title='bbox 283 2121 368 2156; x_wconf 78' lang='grc' dir='ltr'>τοῖς</span> <span class='ocrx_word' id='word_1_150' title='bbox 391 2116 609 2162; x_wconf 72' lang='grc' dir='ltr'>ε’·Ελλήσιν</span> <span class='ocrx_word' id='word_1_151' title='bbox 651 2119 670 2155; x_wconf 88' lang='grc' dir='ltr'><em>ὁ</em></span> <span class='ocrx_word' id='word_1_152' title='bbox 704 2116 745 2155; x_wconf 84' lang='grc' dir='ltr'>δὲ</span> <span class='ocrx_word' id='word_1_153' title='bbox 778 2116 920 2158; x_wconf 80' lang='grc' dir='ltr'>ἐπιβὰς</span> <span class='ocrx_word' id='word_1_154' title='bbox 957 2117 1019 2154; x_wconf 80' lang='grc' dir='ltr'>ἐπὶ</span> <span class='ocrx_word' id='word_1_155' title='bbox 1055 2120 1136 2155; x_wconf 81' lang='grc' dir='ltr'>τῶν</span> <span class='ocrx_word' id='word_1_156' title='bbox 1169 2114 1359 2165; x_wconf 74' lang='grc' dir='ltr'>ἇρμσίτων</span> <span class='ocrx_word' id='word_1_157' title='bbox 1389 2117 1515 2165; x_wconf 83' lang='grc' dir='ltr'>ἐφῆκε</span> <span class='ocrx_word' id='word_1_158' title='bbox 1549 2114 1644 2153; x_wconf 85' lang='grc' dir='ltr'>τοὺς</span> 
     </span>
     <span class='ocr_line' id='line_1_23' title="bbox 143 2167 1642 2223; baseline -0.003 -12"><span class='ocrx_word' id='word_1_159' title='bbox 143 2173 310 2212; x_wconf 79' lang='grc' dir='ltr'>κύκνους</span> <span class='ocrx_word' id='word_1_160' title='bbox 333 2172 389 2211; x_wconf 82' lang='grc' dir='ltr'>εἷς</span> <span class='ocrx_word' id='word_1_161' title='bbox 411 2171 695 2223; x_wconf 73' lang='grc' dir='ltr'>Ὑπερβορέους</span> <span class='ocrx_word' id='word_1_162' title='bbox 716 2171 921 2209; x_wconf 85' lang='grc' dir='ltr'>πέτεσθαι.</span> <span class='ocrx_word' id='word_1_163' title='bbox 990 2167 1146 2220; x_wconf 80' lang='grc' dir='ltr'>Δέλφοι</span> <span class='ocrx_word' id='word_1_164' title='bbox 1170 2169 1245 2219; x_wconf 85' lang='grc' dir='ltr'>μὲν</span> <span class='ocrx_word' id='word_1_165' title='bbox 1268 2169 1349 2216; x_wconf 74' lang='grc' dir='ltr'>οὖν,</span> <span class='ocrx_word' id='word_1_166' title='bbox 1375 2172 1426 2209; x_wconf 84' lang='grc' dir='ltr'>ὡς</span> <span class='ocrx_word' id='word_1_167' title='bbox 1451 2169 1642 2222; x_wconf 85' lang='grc' dir='ltr'>ᾔσθοντο,</span> 
     </span>
    </p>
   </div>
   <div class='ocr_carea' id='block_1_9' title="bbox 141 2222 1646 2276">
    <p class='ocr_par' dir='ltr' id='par_1_9' title="bbox 141 2222 1646 2276">
     <span class='ocr_line' id='line_1_24' title="bbox 141 2222 1646 2276; baseline -0.003 -11"><span class='ocrx_word' id='word_1_168' title='bbox 141 2230 288 2266; x_wconf 80' lang='grc' dir='ltr'>παιᾶνα</span> <span class='ocrx_word' id='word_1_169' title='bbox 319 2227 533 2266; x_wconf 84' lang='grc' dir='ltr'>συνθέντες</span> <span class='ocrx_word' id='word_1_170' title='bbox 564 2228 627 2265; x_wconf 83' lang='grc' dir='ltr'>καὶ</span> <span class='ocrx_word' id='word_1_171' title='bbox 659 2226 782 2275; x_wconf 84' lang='grc' dir='ltr'>μέλος</span> <span class='ocrx_word' id='word_1_172' title='bbox 817 2227 878 2264; x_wconf 92' lang='grc' dir='ltr'>και</span> <span class='ocrx_word' id='word_1_173' title='bbox 914 2223 1060 2276; x_wconf 87' lang='grc' dir='ltr'>χόρους</span> <span class='ocrx_word' id='word_1_174' title='bbox 1087 2225 1232 2271; x_wconf 80' lang='grc' dir='ltr'>ἠϊθέων</span> <span class='ocrx_word' id='word_1_175' title='bbox 1258 2225 1346 2275; x_wconf 81' lang='grc' dir='ltr'>περὶ</span> <span class='ocrx_word' id='word_1_176' title='bbox 1377 2225 1451 2263; x_wconf 79' lang='grc' dir='ltr'>τὸν</span> <span class='ocrx_word' id='word_1_177' title='bbox 1479 2222 1646 2275; x_wconf 82' lang='grc' dir='ltr'>τρίποδα</span> 
     </span>
    </p>
   </div>
   <div class='ocr_carea' id='block_1_10' title="bbox 142 2352 1648 2625">
    <p class='ocr_par' dir='ltr' id='par_1_10' title="bbox 142 2352 1648 2625">
     <span class='ocr_line' id='line_1_25' title="bbox 197 2352 1647 2407; baseline -0.002 -12.904"><span class='ocrx_word' id='word_1_178' title='bbox 197 2355 381 2405; x_wconf 60' lang='lat' dir='ltr'>lofisr.</span> <span class='ocrx_word' id='word_1_179' title='bbox 403 2358 453 2395; x_wconf 76' lang='lat'>85</span> <span class='ocrx_word' id='word_1_180' title='bbox 576 2355 592 2379; x_wconf 73' lang='lat'><strong>2</strong></span> <span class='ocrx_word' id='word_1_181' title='bbox 621 2356 675 2395; x_wconf 83' lang='lat' dir='ltr'>he</span> <span class='ocrx_word' id='word_1_182' title='bbox 705 2356 863 2407; x_wconf 76' lang='lat' dir='ltr'>speaks</span> <span class='ocrx_word' id='word_1_183' title='bbox 893 2354 938 2394; x_wconf 86' lang='lat' dir='ltr'>of</span> <span class='ocrx_word' id='word_1_184' title='bbox 967 2355 1042 2394; x_wconf 85' lang='lat' dir='ltr'>the</span> <span class='ocrx_word' id='word_1_185' title='bbox 1073 2356 1308 2406; x_wconf 79' lang='lat' dir='ltr'>inventory</span> <span class='ocrx_word' id='word_1_186' title='bbox 1335 2353 1380 2393; x_wconf 82' lang='lat' dir='ltr'>of</span> <span class='ocrx_word' id='word_1_187' title='bbox 1409 2367 1435 2393; x_wconf 88' lang='lat' dir='ltr'>a</span> <span class='ocrx_word' id='word_1_188' title='bbox 1463 2352 1647 2404; x_wconf 85' lang='lat' dir='ltr'><strong>temple-</strong></span> 
     </span>
     <span class='ocr_line' id='line_1_26' title="bbox 142 2407 1648 2462; baseline -0.003 -12"><span class='ocrx_word' id='word_1_189' title='bbox 142 2416 345 2461; x_wconf 77' lang='lat' dir='ltr'>treasury</span> <span class='ocrx_word' id='word_1_190' title='bbox 376 2410 511 2449; x_wconf 85' lang='lat' dir='ltr'>found</span> <span class='ocrx_word' id='word_1_191' title='bbox 543 2416 589 2450; x_wconf 82' lang='lat' dir='ltr'>at</span> <span class='ocrx_word' id='word_1_192' title='bbox 626 2410 757 2449; x_wconf 76' lang='lat' dir='ltr'>Delos</span> <span class='ocrx_word' id='word_1_193' title='bbox 789 2411 1044 2462; x_wconf 74' lang='lat' dir='ltr'>containing</span> <span class='ocrx_word' id='word_1_194' title='bbox 1078 2410 1203 2457; x_wconf 81' lang='grc' dir='ltr'>θήκην</span> <span class='ocrx_word' id='word_1_195' title='bbox 1239 2409 1435 2459; x_wconf 78' lang='grc' dir='ltr'>τρίγωνον</span> <span class='ocrx_word' id='word_1_196' title='bbox 1468 2407 1648 2460; x_wconf 86' lang='grc' dir='ltr'>ἔχουσαν</span> 
     </span>
     <span class='ocr_line' id='line_1_27' title="bbox 143 2462 1646 2510; baseline -0.003 -6"><span class='ocrx_word' id='word_1_197' title='bbox 143 2464 290 2510; x_wconf 79' lang='grc' dir='ltr'>βιβλία</span> <span class='ocrx_word' id='word_1_198' title='bbox 320 2465 544 2504; x_wconf 66' lang='grc' dir='ltr'>Ἀλκαίουί</span> <span class='ocrx_word' id='word_1_199' title='bbox 560 2478 585 2503; x_wconf 87' lang='lat' dir='ltr'>a</span> <span class='ocrx_word' id='word_1_200' title='bbox 612 2465 754 2504; x_wconf 78' lang='lat' dir='ltr'>tlneo-</span> <span class='ocrx_word' id='word_1_201' title='bbox 742 2463 969 2504; x_wconf 81' lang='lat' dir='ltr'>-corneled</span> <span class='ocrx_word' id='word_1_202' title='bbox 999 2464 1187 2503; x_wconf 86' lang='lat' dir='ltr'>roll-box</span> <span class='ocrx_word' id='word_1_203' title='bbox 1216 2477 1266 2503; x_wconf 90' lang='lat' dir='ltr'>or</span> <span class='ocrx_word' id='word_1_204' title='bbox 1292 2462 1526 2502; x_wconf 82' lang='lat' dir='ltr'>book-case</span> <span class='ocrx_word' id='word_1_205' title='bbox 1549 2475 1646 2501; x_wconf 83' lang='lat' dir='ltr'>con-</span> 
     </span>
     <span class='ocr_line' id='line_1_28' title="bbox 143 2517 1645 2571; baseline -0.002 -13"><span class='ocrx_word' id='word_1_206' title='bbox 143 2521 316 2571; x_wconf 78' lang='lat' dir='ltr'>taining</span> <span class='ocrx_word' id='word_1_207' title='bbox 346 2520 422 2559; x_wconf 78' lang='lat' dir='ltr'>the</span> <span class='ocrx_word' id='word_1_208' title='bbox 455 2519 600 2558; x_wconf 81' lang='lat' dir='ltr'>Books</span> <span class='ocrx_word' id='word_1_209' title='bbox 632 2519 677 2558; x_wconf 84' lang='lat' dir='ltr'>of</span> <span class='ocrx_word' id='word_1_210' title='bbox 709 2519 918 2558; x_wconf 79' lang='lat' dir='ltr'>Alcaeus’</span> <span class='ocrx_word' id='word_1_211' title='bbox 941 2533 949 2566; x_wconf 83' lang='lat'><em>3</em></span> <span class='ocrx_word' id='word_1_212' title='bbox 984 2519 1074 2558; x_wconf 76' lang='lat' dir='ltr'>this</span> <span class='ocrx_word' id='word_1_213' title='bbox 1107 2519 1242 2570; x_wconf 84' lang='lat' dir='ltr'>shape</span> <span class='ocrx_word' id='word_1_214' title='bbox 1273 2517 1420 2557; x_wconf 90' lang='lat' dir='ltr'>would</span> <span class='ocrx_word' id='word_1_215' title='bbox 1449 2517 1538 2556; x_wconf 67' lang='lat' dir='ltr'>suit,</span> <span class='ocrx_word' id='word_1_216' title='bbox 1571 2520 1645 2556; x_wconf 80' lang='lat' dir='ltr'>ten</span> 
     </span>
     <span class='ocr_line' id='line_1_29' title="bbox 145 2553 1644 2625; baseline -0.002 -13"><span class='ocrx_word' id='word_1_217' title='bbox 145 2553 392 2622; x_wconf 44' lang='lat' dir='ltr'>lels⁰a11(l</span> <span class='ocrx_word' id='word_1_218' title='bbox 436 2574 513 2613; x_wconf 74' lang='lat' dir='ltr'>the</span> <span class='ocrx_word' id='word_1_219' title='bbox 557 2573 687 2613; x_wconf 78' lang='lat' dir='ltr'>tenth</span> <span class='ocrx_word' id='word_1_220' title='bbox 731 2575 766 2612; x_wconf 84' lang='lat' dir='ltr'>is</span> <span class='ocrx_word' id='word_1_221' title='bbox 811 2573 887 2613; x_wconf 81' lang='lat' dir='ltr'>the</span> <span class='ocrx_word' id='word_1_222' title='bbox 931 2573 1107 2625; x_wconf 65' lang='lat' dir='ltr'><strong>highest,</strong></span> <span class='ocrx_word' id='word_1_223' title='bbox 1147 2571 1388 2612; x_wconf 85' lang='lat' dir='ltr'>numbered</span> <span class='ocrx_word' id='word_1_224' title='bbox 1434 2570 1558 2611; x_wconf 86' lang='lat' dir='ltr'>Book</span> <span class='ocrx_word' id='word_1_225' title='bbox 1599 2570 1644 2609; x_wconf 81' lang='lat' dir='ltr'>of</span> 
     </span>
    </p>
   </div>
   <div class='ocr_carea' id='block_1_11' title="bbox 149 2653 244 2710">
    <p class='ocr_par' dir='ltr' id='par_1_11' title="bbox 149 2653 244 2710">
     <span class='ocr_line' id='line_1_30' title="bbox 149 2653 244 2710; baseline 0.011 -15.033"><span class='ocrx_word' id='word_1_226' title='bbox 149 2653 244 2710; x_wconf 82' lang='lat'>316</span> 
     </span>
    </p>
   </div>
  </div>
 </body>
</html>
