1704 2937
679 199 866 245 LYRA
919 199 1201 246 GRAECA

369 332 420 388 ἐς
448 329 612 399 δόμον
640 330 940 400 Χέρρωνος·
981 330 1178 400 ἕλ[υσε
1205 330 1248 383 δ’
1280 331 1444 405 ἄγνᾳ]

296 433 345 471 10
374 421 564 486 ζῶμμα
591 417 847 487 πάρθενῳ
877 416 1140 487 φιλό[τας
1167 417 1380 486 ἀγαύω]

369 505 589 572 Πήλεος
616 504 709 557 καὶ
736 504 1019 572 Νηρεΐδων
1048 504 1352 574 ἀρι’στ[ας,]

371 592 422 649 ἐς
449 589 491 642 δ’
522 589 773 643 ἐνίαυτον

371 717 548 771 παῖδα
574 716 786 786 γέννατ’
818 717 1081 786 αἰμιθέων
1109 718 1461 789 [κράτιστον]

371 806 570 868 ὄλβιον
598 805 804 872 ξάνθαν
831 805 1102 875 ἐλάτη[ρα
1128 805 1377 874 πώλων·]

297 905 344 943 15
375 890 422 943 οἰ
452 889 496 942 δ’
525 890 805 944 ἀπώλοντ’
835 890 968 962 ἀμφ’
997 890 1224 965 Ἐ[λένᾳ
1251 889 1416 961 Τρόες
1443 892 1523 960 τε]

373 977 467 1030 καὶ
496 976 659 1035 πόλις
687 978 888 1031 αὔτων.

904 1456 944 1505 Z
955 1455 963 1468 ι

734 1591 781 1640 E
790 1591 829 1640 Ρ
835 1591 960 1641 ΩἸῚ
969 1592 1128 1641 ΚΩΝ

626 1727 713 1774 12],
787 1728 903 1789 πρὸς
929 1728 1246 1776 Μελάνιππον

233 1835 345 1875 Hdt.
362 1838 400 1876 5.
417 1836 469 1875 95
522 1834 810 1885 πολεμεόντων
832 1834 875 1873 δέ
896 1846 1034 1886 σφεων
1055 1837 1356 1886 (Μυτιληναίων
1376 1837 1440 1876 καὶ
1457 1837 1690 1888 Ἀθηναίων)

273 1922 281 1930 .
316 1891 507 1930 Ἀλκαῖος
555 1893 575 1929 ὁ
621 1892 793 1937 ποιητὴς
842 1894 1057 1940 συμβολῆς
1104 1890 1325 1942 γενομένης
1372 1892 1436 1931 καὶ
1489 1893 1689 1933 νικώντων

181 1946 397 1993 Ἀθηναίων
431 1946 552 1985 αὐτὸς
589 1946 665 1996 μὲν
694 1943 858 1996 φεύγων
890 1946 1099 1997 ἐκφεύγει·
1140 1947 1193 1986 τὰ
1232 1945 1277 1986 δέ
1309 1946 1345 1985 οἱ
1379 1946 1487 1986 ὅπλα
1518 1949 1688 1997 ἴσχουσι

180 2003 380 2048 Ἀθηναῖοι
410 2001 475 2040 καί
506 2010 615 2049 σφεα
643 2001 922 2052 ἀνεκρέμασαν
943 2002 1038 2052 πρὸς
1067 2002 1115 2040 τὸ
1136 2001 1343 2048 Ἀθήναιον
1371 2002 1420 2040 τὸ
1451 2003 1493 2041 ἐν
1522 2003 1683 2053 Σιγείῳ·

181 2058 311 2094 ταῦτα
359 2056 401 2095 δὲ
441 2059 629 2096 Ἀλκαῖος
679 2058 722 2095 ἐν
760 2057 883 2104 μέλεϊ
918 2056 1090 2101 ποιήσας
1130 2058 1300 2096 ἐπιτιθεῖ
1346 2058 1386 2096 ἐς
1435 2059 1685 2107 Μυτιλήνην,

183 2111 537 2162 ἐξαγγελλόμενος
557 2112 604 2149 τὸ
628 2112 777 2149 ἑωυτοῦ
799 2112 921 2152 πάθος
945 2111 1192 2162 Μελανίππῳ
1213 2112 1322 2164 ἀνδρὶ
1345 2110 1502 2164 ἑταίρῳ.

239 2205 398 2247 Strabo
427 2208 488 2247 13.
520 2207 600 2247 600
657 2206 858 2248 Πίττακος
889 2208 930 2247 δὲ
963 2210 981 2245 ὁ
1014 2211 1286 2254 Μυτιληναῖος
1313 2204 1502 2248 πλεύσας’
1527 2208 1589 2248 ἐπὶ
1617 2208 1689 2247 τὸν

182 2262 368 2313 Φρύνωνα
407 2263 641 2314 στρατηγὸν
681 2264 778 2311 (τῶν
812 2262 1045 2310 Ἀθηναίων)
1085 2262 1316 2313 διεπολέμει
1354 2262 1469 2311 τέως,
1503 2264 1689 2303 διατιθεὶς

185 2318 249 2357 καὶ
280 2316 456 2366 πάσχων
487 2321 630 2357 κακῶς·
664 2318 733 2356 ὅτε
764 2318 828 2355 καὶ
858 2316 1048 2358 Ἀλκαῖός
1071 2328 1196 2369 φησιν
1223 2321 1243 2357 ὃ
1273 2317 1444 2364 ποιητὴς
1474 2318 1618 2358 ἑαυτὸν
1647 2317 1690 2356 ἔν

183 2388 261 2411 τινι
296 2373 421 2421 ἀγῶνι
457 2375 586 2412 κακῶς
620 2370 843 2423 φερόμενον
876 2373 927 2410 τὰ
959 2373 1068 2412 ὅπλα
1097 2373 1269 2424 ῥίψαντα
1299 2375 1457 2423 φυγεῖν·
1497 2373 1616 2424 λέγει
1645 2371 1688 2412 δὲ

184 2426 280 2478 πρός
313 2442 404 2465 τινα
435 2426 588 2477 κήρυκα
620 2426 819 2466 κελεύσας
851 2427 1045 2477 ἀγγεῖλαι
1074 2430 1160 2468 τοῖς
1189 2429 1232 2466 ἐν
1261 2427 1355 2476 οἷκῷ
1386 2429 1574 2468 Ἀλκαῖος
1608 2430 1689 2467 σῶς

181 2490 305 2521 κ.τ.λ.

357 2578 367 2601 ¹
401 2579 555 2618 Thetis
801 2579 818 2602 ‘²
847 2579 1042 2620 Achilles
1287 2579 1305 2605 ³
1333 2593 1360 2620 a
1380 2580 1514 2620 letter

191 2672 287 2718 394
953 2664 993 2684 “
