1704 2937
622 199 807 246 LYRA
856 200 1136 247 GRAECA

124 330 214 383 καὶ
242 329 516 400 Πίνδαρος
556 332 648 385 καὶ
674 331 931 399 Ἀλκμὰν
970 332 1022 385 οἱ
1057 336 1162 386 τῶν
1189 337 1371 401 μελῶν
1398 334 1627 399 ποιηταὶ

124 402 548 471 ἐμνημόνευσαν.

199 498 337 544 Paus.
371 500 412 544 1.
445 499 518 544 14.
550 499 584 543 4-
621 522 623 524 ·
655 494 848 559 Θαλῆς
886 491 941 543 δὲ
976 490 1001 543 ὁ
1037 491 1493 559 Λακεδαιμονίοις
1531 492 1630 560 τὴν

123 562 284 617 νόσον
344 566 569 621 παύσας
637 605 646 616 .
718 605 728 616 .
796 605 806 616 .
865 566 1103 630 Θαλῆτα
1168 563 1223 617 δὲ
1285 564 1424 618 εἶναί
1486 571 1628 636 φησι

124 637 416 707 Γορτύνιον
458 637 863 705 Πολύμναστος
907 636 1262 707 Κολοφώνιος
1303 637 1409 703 ἔπη
1454 641 1626 692 Λακε-

124 709 418 777 δαιμονίοις
446 712 496 767 ἐς
524 709 692 762 αὐτὸν
721 709 978 776 ποιήσας.

198 804 326 852 Plut.
356 804 483 852 ssIuS.
515 804 542 848 8
597 797 680 864 [π.
737 792 1006 864 Σακάδα]
1064 795 1232 848 τόνων
1282 801 1414 862 Γγοῦν
1465 800 1628 864 τριῶν

124 871 291 924 ὄντων
334 870 478 925 κατὰ
521 868 932 937 Πολύμναστον
975 869 1068 921 καὶ
1114 868 1387 930 Σακάδαν,
1431 873 1529 922 τοῦ
1569 892 1629 923 τε

123 944 335 1014 Δωρίου
363 945 451 997 καὶ
482 941 728 1014 Φρυγίου
755 941 847 994 καὶ
875 940 1080 994 Λυδίου
1122 983 1132 993 .
1177 983 1188 993 .
1233 983 1243 994 .

196 1033 322 1079 Ibid.
353 1034 380 1080 9
457 1030 488 1094 ἡ
517 1028 613 1097 μὲν
641 1028 735 1080 οὖν
763 1026 955 1096 πρώτη
986 1027 1337 1084 κατάστασις
1366 1031 1473 1081 τῶν
1502 1028 1627 1096 περὶ

122 1100 219 1168 τὴν
263 1100 536 1168 μουσικὴν
582 1102 637 1153 ἐν
677 1104 743 1169 τῇ
788 1096 1020 1167 Σπάρτῃ
1062 1100 1414 1168 Τερπάνδρου
1456 1123 1626 1153 κατα-

121 1174 432 1241 στήσαντος
459 1173 764 1243 Γγετγένηται·
795 1177 889 1238 τῆς
911 1171 1162 1241 δευτέρας
1195 1172 1250 1225 δὲ
1277 1173 1544 1241 Θαλήτας
1572 1196 1630 1227 ’τε

123 1245 148 1299 ὁ
216 1246 503 1316 Γορτύνιος
569 1247 663 1299 καὶ
728 1244 1043 1311 Ξενόδαμος
1107 1243 1133 1297 6
1199 1245 1473 1313 Κυθηριος
1533 1247 1628 1299 καὶ

124 1318 452 1390 Ξενόκριτος
492 1318 518 1372 6
561 1318 770 1387 Λοκρὸς
798 1317 892 1370 καὶ
930 1316 1338 1385 Πολύμναστος
1379 1316 1405 1371 ὁ
1446 1321 1624 1372 Κολο-

123 1392 321 1461 φώνιος
362 1393 452 1445 καὶ
494 1388 748 1448 Σακάδας
789 1389 814 1442 ὁ
856 1390 1106 1458 Ἀργεῖος
1146 1391 1401 1458 μάλιστα
1446 1390 1629 1445 αἰτίαν

121 1466 347 1537 ἔχουσιν
387 1464 640 1534 ηΎεμόνες
683 1463 955 1531 Ὑενέσθαι·
1003 1463 1212 1516 τούτων
1253 1462 1362 1533 «γὰρ
1407 1463 1627 1532 εἰσηογη-

122 1538 376 1604 σαμένων
446 1538 515 1590 τὰ
579 1537 704 1606 περὶ
766 1536 862 1592 τὰς
936 1535 1347 1604 Γυμνοπαιδίας
1411 1536 1508 1593 τὰς
1572 1538 1627 1590 ἐν

124 1610 490 1677 Λακεδαιμονι
525 1610 749 1678 λεὙεται
783 1608 1222 1674 κατασταθῆναι,
1257 1607 1327 1661 τὰ
1364 1609 1489 1679 περὶ
1531 1607 1628 1667 τὰς

122 1682 460 1751 Ἀποδείξεις
488 1682 585 1739 τὰς
621 1684 675 1735 ἐν
702 1680 990 1754 Αρκαδία,
1020 1684 1128 1733 τῶν
1160 1704 1218 1733 τε
1252 1682 1308 1734 ἐν
1327 1681 1525 1752 ”ΑρὙει
1557 1680 1628 1734 τὰ

120 1755 457 1824 Ἐνδυμάτια
485 1755 817 1822 καλούμενα.
889 1755 1036 1820 ἦσαν
1058 1753 1101 1805 δ’
1130 1753 1181 1806 οἱ
1207 1754 1332 1821 περὶ
1360 1755 1627 1820 Θαλήταν

123 1851 181 1881 τε
245 1829 339 1881 καὶ
419 1827 735 1895 Ξενόδαμον
816 1827 911 1879 καὶ
990 1823 1321 1894 Ξενόκριτον
1400 1827 1629 1892 ποιηταὶ

121 1902 388 1961 παιάνων,
436 1901 485 1954 οἱ
539 1900 595 1953 δὲ
647 1900 771 1970 περὶ
815 1898 1228 1966 Πολύμναστον
1274 1902 1382 1952 τῶν
1434 1898 1627 1968 ὀρθίων

121 1973 488 2041 καλουμένων,
533 1973 582 2026 οἱ
628 1973 681 2025 δὲ
735 1972 860 2040 περὶ
904 1970 1163 2026 Σακάδαν
1213 1971 1468 2040 ἐλεγείων
1508 2013 1519 2025 .
1558 2014 1569 2024 .
1614 2013 1625 2025 .

122 2048 214 2099 καὶ
249 2047 654 2114 Πολύμναστος
691 2043 732 2096 δ’
761 2043 1098 2112 αὐλῳδικοὺς
1125 2042 1317 2112 νόμους
1349 2043 1622 2110 ἐποίησεν·

121 2119 168 2173 εἰ
205 2117 246 2170 δ’
276 2120 364 2171 ἐν1
402 2123 475 2171 τῶ
515 2117 676 2187 ὀρθίω
719 2116 863 2186 νόμῳ
910 2120 976 2185 τῇ
1013 2118 1310 2190 μελοποιιά
1341 2115 1626 2187 κέχρηται,

122 2191 375 2261 καθάπερ
402 2191 452 2244 οἱ
493 2188 776 2260 αρμονικοί
803 2195 995 2259 φασιν,
1025 2191 1123 2242 οὐκ
1158 2188 1354 2259 ἔχομεν
1382 2190 1627 2259 ἀκριβῶς

121 2265 311 2318 εἰπεῖν·
367 2266 428 2317 οὐ
490 2286 596 2334 «γαρ
650 2262 936 2332 εἰρήκασιν
1003 2261 1051 2314 οἱ
1114 2261 1341 2332 ἀρχαῖοί
1391 2284 1444 2315 τι
1500 2262 1627 2333 περὶ

121 2336 334 2390 τούτου.

198 2430 326 2477 Ibid.
377 2431 438 2476 29
516 2423 910 2490 Πολυμνάστῳ
957 2420 1011 2473 δὲ
1053 2419 1144 2473 τόν
1197 2419 1245 2473 θ’
1296 2419 1629 2474 (Τπολύδιον

123 2502 214 2550 νῦν
287 2496 677 2564 ὀνομαζόμενον
743 2492 896 2547 τόνον
958 2493 1306 2555 ἀνατιθέασι,
1370 2494 1463 2547 καὶ
1526 2493 1626 2561 τὴν

505 2603 520 2628 1
549 2616 635 2642 mss
659 2603 700 2641 ἐν
722 2602 762 2641 δὲ
784 2601 871 2641 and
892 2601 1042 2651 ἔχομεν
1063 2603 1095 2640 δ’
1116 2600 1256 2640 below

123 2699 186 2740 40
