1704 2937
640 217 726 262 LY
738 218 824 263 ΒΑ
876 218 1156 265 GRAECA

361 349 513 419 αἶψα
543 347 584 401 δ’
615 347 873 416 ἐξίκοντο·
919 348 990 400 σὺ
1019 347 1078 409 δ’,
1110 345 1150 400 ὦ
1177 346 1436 416 μάκαιρα,

359 421 693 490 μειδιάσαισ’
723 419 984 491 ἀθανάτῳ
1010 419 1293 491 προσώπῳ

283 510 331 548 15
359 493 465 561 ἤρε’
495 496 612 547 ὅττι
641 493 802 560 δηῦτε
829 492 1100 554 πέπονθα,
1129 492 1297 546 κῶττι

360 567 522 633 δηῦτε
549 566 778 635 κάλημι,

355 659 515 714 κῶττ’
547 660 657 729 ἔμῳ
683 658 938 758 μάλιστα
969 658 1111 712 θέλω
1139 659 1397 727 Ὑένεσθαι

353 733 594 823 μαινόλᾳ
622 733 847 802 θύμῳ·ζ
867 731 993 785 τίνα
1021 731 1183 797 δηῦτε
1211 731 1382 786 πείθω

355 807 450 859 καὶ
478 805 528 859 σ’
557 806 696 874 ἄγην
723 808 775 862 ἐς
803 804 907 909 fellu
936 805 1255 875 φιλότατα·
1236 848 1249 868 ,
1297 804 1376 862 τίς
1405 805 1466 866 τ,
1496 804 1536 858 ὦ

275 894 328 933 20
355 879 573 946 Ψαπφ’,
604 878 890 946 ειδικηει·1
833 920 847 941 ,

354 973 449 1025 καὶ
474 972 583 1042 «γὰρ
611 971 669 1024 αἰ
695 971 902 1042 φεύγει,
935 969 1148 1042 ταχέως
1177 970 1375 1038 διώξει,

354 1045 411 1098 αι’
439 1045 495 1098 δὲ
523 1045 668 1115 δῶρα
695 1043 769 1111 μὴ
799 1043 983 1103 δέκετ’,
1013 1042 1169 1095 ἀλλὰ
1195 1043 1374 1104 δώσει,

355 1118 409 1170 αἰ
440 1119 494 1170 δὲ
521 1118 595 1185 μὴ
623 1116 793 1186 φίλει,
823 1116 1037 1187 ταχέως
1065 1116 1298 1187 φιλήσει

354 1192 502 1244 κωύκ
531 1190 809 1244 ἐθέλοισα·
831 1191 842 1211 ’

353 1283 481 1337 ἔλθε
507 1306 598 1352 μοι
627 1283 719 1335 καὶ
748 1285 857 1341 νῦν,
886 1280 1148 1352 χαλέπαν
1177 1281 1233 1334 δὲ
1259 1286 1437 1335 λῦσον

354 1358 413 1409 ἐκ
440 1355 715 1426 μερίμναν,
746 1355 894 1407 ὅσσα
923 1354 979 1407 δέ
1003 1377 1096 1421 μοι
1124 1354 1393 1446 τελεσσαι

353 1429 563 1496 θῦμος’
545 1428 807 1498 ιμμέρρει,
836 1426 1081 1487 τέλεσον,
1111 1451 1183 1480 συ
1212 1427 1254 1480 δ’
1284 1427 1429 1481 αὕτα

355 1503 652 1572 σύμμαχος
681 1502 834 1554 ἔσσο.

274 1283 378 1375 uz&

135 1595 285 1642 ταύτης
324 1598 399 1641 τῆς
433 1593 580 1646 λεξεως
619 1595 643 1642 ἡ
680 1592 840 1633 εὐέπεια
871 1595 934 1634 καὶ
967 1593 992 1640 ἡ
1027 1593 1144 1645 χάρις
1181 1595 1224 1633 ἐν
1256 1597 1306 1646 τῇ
1339 1595 1536 1647 συνεχείει
1574 1595 1639 1635 καὶ

136 1649 319 1697 λειότητι
356 1647 504 1701 ’γέγονε
543 1653 625 1689 τῶν
664 1649 872 1701 ἁρμονιῶν.
941 1652 1180 1699 παρακεΐται
1222 1649 1300 1700 ’γὰρ
1343 1649 1548 1696 ἀλλήλοις
1587 1650 1640 1690 τὰ

137 1706 314 1755 ὀνόματα
353 1707 417 1744 καὶ
464 1704 714 1756 συνύφανται
754 1703 859 1743 κατά
897 1720 1008 1743 τινας
1049 1702 1303 1752 οἰκειότητας
1341 1705 1406 1744 καὶ
1447 1702 1638 1756 συζυγίας

136 1761 309 1811 φυσικὰς
338 1765 420 1801 τῶν
448 1759 694 1812 ’γραμμάτων
728 1790 736 1798 .
771 1790 780 1798 .
814 1789 823 1798 .

865 1869 891 1898 τ)

865 1899 891 1913 ..A

191 1948 243 1997 [Ῐ
246 1948 410 2001 ongin]
442 1949 558 1987 Sum.
591 1948 641 1987 lO
698 1947 839 1986 οὗκοῦν
869 1945 1005 1991 ἐπειδη
1035 1946 1136 1983 πᾶσι
1165 1946 1250 1984 τοῖς
1279 1942 1488 1995 πράγμασι
1515 1943 1638 1996 φυσει

136 2005 363 2053 συνεδρεύει
383 2007 473 2042 τινὰ
493 2001 609 2052 μόρια
628 2017 716 2042 ταις
738 2002 853 2040 ὕλαις
876 1998 1205 2066 συνυπάρχοντα,
1225 2001 1265 2048 ἐξ
1285 1999 1464 2049 ἀνάγκης
1484 1999 1637 2050 γένοιτ’

134 2074 181 2096 αν
206 2058 301 2104 ῆιιΐν
329 2059 450 2108 ὕψους
481 2060 608 2096 αἴτιον
628 2057 677 2094 τὸ
697 2060 779 2095 τῶν
800 2053 1081 2105 ἐμφεροιένων
1103 2051 1290 2104 ἐκλεγειν
1311 2054 1371 2093 ἀεὶ
1401 2056 1453 2094 τὰ
1483 2055 1635 2105 καιριώ-

133 2128 250 2160 τατα,
277 2112 340 2152 καὶ
361 2114 491 2151 ταῦτα
511 2114 560 2163 τῇ
582 2111 680 2162 πρὸς
710 2111 880 2158 ἄλληλα
903 2106 1156 2148 ἐπισυνθέσει
1185 2107 1361 2160 καθάπερ
1391 2108 1435 2147 ἓν
1461 2125 1502 2148 τι
1522 2113 1638 2158 σῶμα

133 2170 260 2206 παιεῖν
284 2166 486 2206 δύνασθαι·
519 2168 568 2205 τυ
587 2164 661 2215 μὲν
680 2166 757 2215 ’γὰρ
787 2168 837 2217 τῇ
861 2166 1017 2215 ἐκλογῇ
1047 2166 1121 2203 τὸν
1146 2164 1347 2216 ἀκροατὴν
1365 2166 1448 2202 τῶν
1475 2163 1635 2214 λημμά-

133 2238 226 2269 των,
262 2224 311 2261 τὸ
342 2220 383 2259 δὲ
413 2238 461 2274 τη
491 2221 692 2260 πυκνώσει
720 2223 801 2258 τῶν
833 2219 1139 2268 ἐκλελεγμένων
1168 2218 1431 2269 προσαγ.εται
1498 2218 1630 2259 οἷονι
1610 2236 1636 2267 η

133 2278 283 2326 Σαπφὼ
312 2276 364 2315 τὰ
394 2277 670 2326 συμβαίνοντα
697 2278 785 2313 ταῖς
816 2277 1022 2322 ἐρωτικαῖς
1049 2272 1206 2323 μανίαις
1234 2273 1452 2322 παθήματα
1482 2275 1526 2313 ἐκ
1554 2276 1638 2313 τῶν

131 2332 414 2382 παρεπομένων
434 2330 538 2370 καὶ’
520 2347 564 2370 εκ
593 2332 667 2376 τῆς
697 2330 891 2377 ἀληθείας
912 2330 1036 2373 αὐτῆς
1059 2327 1258 2367 ἑκάστοτε
1288 2325 1503 2376 λαμβάνει.
1558 2329 1637 2368 ποῦ

131 2384 173 2423 δὲ
193 2402 270 2432 την
289 2387 436 2436 ἀρετὴν
456 2384 761 2431 ἆποδείκνυται,·
793 2386 861 2424 ὅτε
892 2384 944 2423 τὰ
965 2383 1066 2432 ἄκρα
1085 2384 1216 2422 αυτῶν
1245 2383 1308 2422 καὶ
1335 2383 1638 2433 ὑπερτεταμένα

131 2441 236 2488 δεινὴ
263 2441 548 2491 <γίγνεται>
574 2441 638 2480 καὶ
662 2437 821 2490 ἐκλεξαι
844 2439 907 2478 καὶ
931 2438 987 2477 εἰς
1009 2438 1178 2484 ἄλληλα
1201 2439 1412 2484 συνδῆσαι·

181 2545 193 2569 ¹
225 2547 266 2586 Ε
300 2546 476 2596 (Ibid.):
516 2560 603 2586 mss
640 2547 718 2592 καὶ,
764 2563 828 2586 και
868 2547 963 2593 (nob
998 2543 1093 2594 καί),
1129 2556 1178 2583 or
1207 2560 1276 2594 μαι
1312 2542 1441 2591 (from
1472 2542 1629 2592 above)

126 2601 350 2640 corrected
371 2606 417 2641 to
437 2617 514 2650 και,
540 2601 648 2640 then
672 2600 922 2651 σαγήνεσαν,
949 2597 1224 2649 σαγηνεύσαν,
1250 2597 1385 2648 σαγήν
1413 2611 1554 2647 εσσαν,
1580 2610 1631 2637 or

126 2655 392 2706 σαγήνεσσαν
413 2664 540 2695 κ.τ.λ.
560 2668 571 2694 t
600 2658 638 2696 ‹r‘
659 2655 801 2708 emph.
887 2657 924 2692 τ’
946 2655 1010 2694 E:
1039 2666 1124 2693 mss
1142 2652 1216 2703 (cf.
1230 2653 1386 2703 above)
1403 2667 1431 2693 σ
1449 2665 1500 2692 or
1517 2652 1650 2692 omit*

135 2735 227 2791 184
