1704 2937
631 244 815 294 LYRA
864 247 1142 296 GRAECA

138 375 411 445 Χάραξος,
477 375 798 445 Εὐρύγυος.1
891 379 1141 446 ἐγαμήθη
1207 378 1262 431 δὲ
1328 375 1599 448 Κερκώλα
1622 374 1644 407 2

139 447 293 517 ἀνδρὶ
332 450 757 518 πλουσιωτάτῳ,
787 448 1074 520 ὁρμωμένῳ
1116 450 1229 504 ἀπὸ
1261 450 1511 520 ”Ανδρου·
1550 447 1644 500 καὶ

141 520 415 587 θυγατέρα
441 521 748 586 ἐποίησατο
777 524 837 590 ἐξ
866 524 1034 576 αὐτοῦ
1071 525 1102 588 ἢ
1134 523 1301 580 Κλεὶς
1328 521 1642 590 ὠνομάσθη.

142 594 354 662 ἑταῖραι
384 593 438 646 δὲ
466 595 634 660 αὐτῆς
656 595 747 647 καὶ
776 596 940 665 φίλαι
966 596 1231 664 γεγόνασι
1259 600 1415 665 τρεῖς,
1434 592 1645 652 Ἀτθίς,

144 666 493 726 Τελεσίππα,
518 667 774 735 ἈἸεγάρα·
807 668 941 737 πρὸς
969 669 1031 725 ἃς
1057 671 1149 722 καὶ
1179 668 1451 732 διαβολὴν
1480 667 1647 736 ἔσχεν

146 739 386 808 αἰσχρᾶς
415 738 621 807 φιλίας.
700 740 1001 809 μαθήτριαι
1041 741 1098 794 δὲ
1133 742 1300 807 αὐτῆς
1326 738 1650 809 Ἀναγὸρα3

146 810 426 876 ἈἸιλησία,
470 811 731 879 Γογγύλα
787 814 1139 884 Κολοφωνία,
1183 814 1414 867 Εὐνείκα
1463 813 1648 867 Σαλα·

146 883 314 950 μινία.
394 884 610 954 ἔγραψε
662 884 718 937 δὲ
766 890 946 953 μελῶν
1009 890 1253 955 λυρικῶν
1315 884 1525 949 βιβλία
1587 883 1650 936 θ’.

151 958 244 1010 καὶ
271 957 460 1025 πρώτη
496 962 782 1027 πλῆκτρον
811 959 975 1028 εὗρεν.
1052 961 1269 1029 ἔγραψε
1309 959 1364 1012 δὲ
1404 958 1498 1011 καὶ
1535 959 1651 1010 ἐπι-

149 1029 453 1099 γράμματα
481 1030 574 1082 καὶ
603 1029 836 1094 ἰάμβους
865 1034 958 1086 καὶ
983 1031 1266 1102 μονῳδίας.

227 1119 363 1166 Suid.
434 1110 653 1183 Σαπφὼ
713 1116 835 1184 (β’)·
913 1116 1136 1180 Λεσβία
1194 1120 1252 1172 ἐκ
1313 1116 1654 1181 Μυτιλήνης,

154 1192 208 1257 ψ
233 1187 431 1256 ’λτρια.
510 1189 650 1252 αὕτη
710 1187 774 1241 δι’
828 1189 1002 1257 ἔρωτα
1057 1190 1281 1248 Φάωνος
1333 1194 1429 1243 τοῦ
1481 1192 1658 1242 Μυτι-

154 1258 387 1324 ληναίου
433 1261 493 1313 ἐκ
539 1264 636 1312 τοῦ
674 1262 960 1315 Λευκάτου
1007 1264 1401 1316 κατεπόντισεν
1448 1260 1661 1327 ἑαυτήν.

157 1333 296 1389 τινὲς
349 1332 405 1384 δὲ
456 1334 548 1385 καὶ
603 1333 805 1400 ταύτης
861 1336 997 1389 εἶναι
1048 1336 1281 1406 λυρικὴν
1333 1333 1664 1405 ἀνέγραψαν

159 1403 400 1470 ποίησιν.

232 1494 345 1543 Ael.
394 1495 526 1543 VH.
571 1499 646 1545 12.
692 1498 750 1543 19
830 1490 928 1558 τὴν
968 1492 1262 1562 ποιήτριαν
1301 1489 1520 1556 Σαπφὼ
1568 1488 1665 1556 τὴν

159 1561 668 1631 Σκαμανδρωνύμου
715 1564 1008 1635 θυγατέρα·
1046 1564 1251 1630 ταύτην
1289 1565 1382 1617 καὶ
1419 1562 1664 1615 Πλάτων

163 1634 188 1687 ὁ
231 1634 563 1705 Ἀρίστωνος
609 1636 789 1705 σοφὴν
833 1638 1158 1708 ἀναγράφει·
1212 1637 1560 1703 πυνθάνομαι
1606 1633 1663 1686 δὲ

163 1708 247 1761 ὅτι
276 1708 366 1760 καὶ
387 1708 543 1778 ἑτέρα
562 1710 625 1761 ’ἐν
649 1715 713 1780 τῇ
744 1710 951 1780 Λέσβῳ
979 1710 1189 1779 ἐγένετο
1217 1709 1451 1780 Σαπφώ,
1475 1709 1664 1776 ἑταῖρα

166 1782 226 1834 οὐ
256 1782 533 1850 ποιήτρια.

239 1870 361 1918 Ath.
395 1871 471 1918 13.
501 1872 593 1917 571
616 1871 648 1916 d
724 1869 966 1918 καλοῦσι
1006 1870 1137 1933 γοῦν
1167 1865 1256 1918 καὶ
1296 1864 1357 1917 αἱ
1385 1863 1667 1929 ἐλεύθεραι

167 1941 416 2003 γυναῖκες
444 1938 523 1991 ἔτι
550 1939 643 1990 καὶ
672 1942 764 1991 νῦν
792 1938 883 1991 καὶ
910 1938 967 1991 αἱ
995 1938 1258 2008 παρθένοι
1287 1936 1384 1995 τὰς
1414 1936 1667 2003 συνήθεις

169 2011 265 2063 καὶ
294 2012 465 2079 φίλας
495 2010 730 2081 ἑταίρας,
761 2013 831 2068 ὡς
859 2012 887 2075 ἡ
918 2010 1135 2080 Σαπφώ
1177 2053 1187 2064 .
1234 2052 1244 2063 .
1288 2052 1298 2062 .

250 2097 344 2145 Ον.
381 2097 520 2145 Tri-51.
553 2099 596 2145 2.
626 2099 720 2143 365

262 2164 443 2211 Lesbia
467 2166 586 2228 quid
613 2166 786 2211 docuit
812 2165 1015 2228 Sappho
1040 2169 1133 2212 nisi
1158 2181 1324 2211 amare
1353 2163 1543 2226 puellas
1565 2165 1582 2208 ?

329 2240 441 2279 tuta
465 2240 638 2279 tamen
665 2233 868 2295 Sappho
908 2273 917 2281 .

229 2358 244 2382 ¹
276 2373 362 2399 mss
384 2360 577 2411 Εὐρυγίου
721 2360 736 2383 ²
767 2374 854 2399 mss
875 2360 966 2399 also
989 2358 1172 2411 Κερκύλᾳ
1311 2358 1328 2382 ³
1360 2357 1623 2409 ’Avcvc‘ropia‘2

230 2478 245 2501 1
274 2493 320 2518 or
359 2479 477 2531 plied
517 2493 565 2518 as
598 2494 624 2518 a
659 2480 810 2519 trader
844 2480 1042 2520 between
1075 2481 1127 2519 A.
1165 2482 1235 2526 (an
1268 2479 1422 2518 Ionian
1451 2477 1561 2528 city)
1581 2475 1680 2515 'and

180 2533 371 2573 Lesbos?
575 2535 590 2559 ²
619 2534 675 2574 ef.
698 2536 778 2575 Ov.
802 2535 881 2585 Ep.
909 2537 969 2573 15.
994 2535 1059 2582 70,
1087 2535 1165 2574 120
1364 2532 1381 2556 ³
1413 2531 1682 2571 Anactoria?

180 2588 197 2612 4
233 2588 390 2639 ‘quill’
418 2588 538 2640 prob.
565 2602 590 2627 a
616 2589 805 2629 mistake
835 2589 903 2628 for
926 2589 1065 2639 pffctz's,
1091 2602 1116 2628 a
1146 2587 1255 2627 kind
1285 2586 1330 2626 of
1360 2587 1467 2639 lyre,
1493 2585 1546 2624 cf.
1572 2584 1681 2624 Ath.

180 2645 243 2681 14.
267 2643 345 2681 ‹537›
363 2656 384 2681 e
407 2643 581 2692 (below)
734 2643 750 2666 ⁵
782 2644 871 2682 this
893 2649 1011 2682 must,
1032 2656 1151 2682 come
1172 2642 1282 2682 from
1303 2641 1491 2681 another
1511 2652 1675 2688 source,

188 2722 279 2777 146
