1704 2937
642 212 731 259 LY
742 214 830 260 ΒΑ
880 215 921 260 G
934 215 1159 260 RAECA

219 350 350 398 Plut.
393 350 548 414 δζῃιηρ.
586 348 630 399 7.
663 352 707 399 8.
743 352 787 397 ⁶².
880 343 1018 413 [τίσι
1070 345 1323 413 μάλιστα
1375 348 1651 418 χρηστέον

144 418 464 488 ἀκροάμασι
516 417 670 486 παρὰ
723 416 984 486 δεῖπνον]·
1029 419 1180 486 ἡμεῖς
1225 442 1331 489 Γγαρ
1382 422 1547 489 ἐσμεν
1599 421 1650 476 οἱ

147 494 356 562 πρῶτοι
419 495 515 544 τοῦ
572 490 897 559 πράγματος
956 490 1317 559 εἰσαγομένου
1377 492 1648 583 δυσχερά-

147 585 334 621 ναντες
363 564 418 615 ἐν
445 562 627 631 Ῥώμῃ
656 563 751 616 καὶ
779 564 1169 633 καθαψάμενοι
1208 568 1316 618 τῶν
1351 566 1650 634 ἀξιούντων

149 637 432 690 Πλάτωνα
479 635 757 704 διαγωγὴν
797 638 850 690 ἐν
891 639 1015 707 οἴνῳ
1062 638 1347 691 ποιεῖσθαι
1399 639 1489 693 καὶ
1543 643 1651 693 τῶν

151 710 452 765 Πλάτωνος
496 708 770 777 διαλόγων
815 710 907 762 ἐπὶ
959 732 1281 778 τραγημασι
1325 711 1419 765 καὶ
1461 711 1651 783 μύροις

149 782 365 837 ακούειν
406 781 775 839 διαπίνοντας·
818 783 907 836 ὅτε
945 782 1042 836 καὶ
1082 784 1349 854 Σαπφοῦς
1386 785 1649 853 ἀναλεγο-

146 857 342 924 μένης1
405 855 501 908 καὶ
566 858 673 909 τῶν
731 855 1122 926 Ἀνακρέοντος
1185 857 1290 924 ἐγώ
1352 879 1445 923 μοι
1509 857 1650 912 δοκῶ

149 926 495 983 καταθέσθαι
536 927 598 981 τὸ
637 951 903 999 ποτηριον
944 928 1274 996 αἰδούμενος.

221 1052 301 1099 Id.
353 1051 505 1099 Amal
559 1051 619 1096 18
698 1043 851 1112 ἄξιον
903 1042 958 1096 δὲ
1010 1040 1278 1114 Σαπφοῦς
1330 1044 1484 1116 παρὰ
1534 1049 1654 1104 ταῖς

151 1118 409 1176 Μούσαις
460 1121 849 1186 μνημονεῦσαι·
900 1115 992 1170 τὸν
1042 1117 1142 1184 μὲν
1191 1117 1297 1185 «γὰρ
1336 1117 1654 1189 Ἱ-Ιφαίστου

149 1191 323 1245 παῖδα
348 1192 612 1258 Ῥωμαῖοι
640 1189 874 1243 Κᾶκον
856 1193 1143 1260 ιστοροῦσι
1179 1195 1291 1259 πῦρ
1318 1191 1410 1245 καὶ
1437 1191 1654 1262 φλόνγας
1692 1237 1704 1251 .

151 1264 370 1335 αφιέναι
418 1263 506 1317 διὰ
546 1267 642 1317 τοῦ
685 1261 960 1331 στόματος
999 1263 1100 1331 ἔξω
1141 1263 1387 1333 ῥεούσας·
1429 1264 1567 1331 αὕτη
1608 1263 1655 1317 δ’

151 1338 372 1403 άληθῶς
411 1336 741 1405 μεμειγμένα
780 1336 914 1405 πυρὶ
951 1336 1256 1406 φθέγγεται
1296 1338 1389 1391 καὶ
1424 1335 1513 1390 διὰ
1546 1341 1655 1391 τῶν

149 1414 332 1478 μελων
359 1411 618 1480 ἀναφέρει
659 1431 758 1474 την
790 1407 899 1462 ἀπὸ
941 1414 1034 1476 τῆς
1075 1408 1303 1479 καρδίας
1342 1408 1653 1480 θερμότητα

151 1482 443 1539 (Μούσαις
503 1482 762 1553 εὐφώνοις
824 1480 1021 1550 ἰωμένη
1085 1481 1178 1536 τὸν
1241 1482 1418 1553 ἔρωτα
1505 1482 1652 1537 κατὰ

153 1556 469 1625 Φιλόξενον.

228 1675 302 1723 Id.
321 1675 477 1739 S'ymp.
500 1675 541 1721 1.
562 1675 605 1721 5.
629 1673 650 1718 1
709 1669 836 1722 Πῶς
865 1666 1075 1734 εἴρηται
1104 1664 1165 1718 τὸ
1196 1665 1461 1734 ’ποιητὴν
1481 1666 1582 1720 δ’
1547 1690 1655 1739 αρα

315 1741 489 1812 Έρως
519 1741 769 1794 διδάσκει
797 1740 896 1792 κᾶν
925 1738 1166 1807 ἄμουσος
1193 1737 1224 1808 ᾗ
1264 1739 1327 1792 τὸ
1355 1738 1514 1809 πρίν’

152 1819 388 1882 ἐζητεῖτο
433 1813 587 1885 παρὰ
626 1811 866 1882 Σοσσίῳ,
907 1810 1213 1882 Σαπφικῶν
1259 1816 1421 1866 τινῶν
1459 1812 1653 1885 ᾀσθέν-

152 1913 421 1942 Των...

222 2008 355 2056 Gell.
399 2008 475 2054 19.
517 2008 543 2051 3
618 2007 666 2052 Is
715 2005 991 2068 (Antonius
1038 2004 1309 2071 Julianus),
1347 2007 1432 2052 ubi
1475 2006 1655 2054 eduliis

153 2077 262 2122 finis
311 2082 364 2121 et
411 2075 601 2137 poculis
655 2091 770 2119 mox
818 2074 1233 2136 sermonibusque
1286 2081 1488 2136 tempus
1540 2073 1654 2132 fuit,

151 2144 459 2191 desideravit
492 2141 719 2188 exhiberi
752 2158 875 2204 quos
905 2141 1092 2187 habere
1123 2158 1239 2188 eum
1273 2142 1656 2189 adulescentem

153 2213 359 2268 sciebat,
385 2214 674 2257 scitissimos
699 2213 960 2271 utriusque
985 2225 1133 2256 sexus
1158 2213 1243 2272 qui
1268 2216 1511 2257 canerent
1535 2226 1656 2257 voce

153 2287 206 2326 et
235 2284 321 2342 qui
354 2279 648 2341 psallerent.
722 2278 797 2323 Ac
834 2283 1163 2340 posteaquam
1198 2277 1477 2324 introducti
1512 2281 1656 2340 pueri

153 2348 456 2410 puellaeque
494 2352 628 2403 sunt,
665 2345 941 2392 iucundum
977 2348 1030 2390 in
1067 2344 1275 2391 modum
1310 2343 1656 2408 Ἀνακρεόντεια

153 2417 393 2478 pleraque
421 2421 474 2461 et
500 2413 749 2476 Sapphica
775 2420 827 2460 et
852 2419 1114 2475 poetarum
1140 2429 1339 2476 quoque
1372 2416 1654 2460 recentium

154 2487 335 2548 ἐλεγεῖα
360 2482 606 2546 quaedam
633 2484 820 2528 erotica
844 2481 1011 2527 dulcia
1035 2487 1089 2527 et
1107 2487 1320 2528 venusta
1344 2484 1652 2528 cecinerunt.

565 2617 580 2642 ²
611 2618 937 2671 XVyttenbach:
971 2631 1058 2658 mss
1079 2618 1243 2668 ἆιάδεχ.

166 2701 256 2745 168
