1704 2937
619 189 803 235 LYRA
851 188 1131 236 GRAECA

836 317 929 364 123

176 406 318 458 Heph.
344 407 394 446 74
424 407 481 455 [π.
508 409 580 445 τοῦ
602 407 667 445 ἀπ’
692 405 916 446 ἐλάσσονος
938 406 1124 455 ἱωνικοῦ]·
1157 409 1238 444 τῶν
1264 408 1305 445 δε
1330 405 1553 459 τριμέτρων
1573 406 1622 445 τὸ

121 461 195 511 μὲν
216 460 515 507 ἆκατάληκτον·

410 536 756 605 Διελεξάμαν
783 537 915 606 ὄναρ
946 535 1353 609 Κυπροιγρνήᾳλ

121 632 224 684 παρὰ
244 633 292 683 τῇ
317 633 476 683 Σαπφοῖ
504 661 512 670 .
550 662 557 670 .
595 662 602 669 .

837 731 930 779 124

175 822 319 874 Apoll.
346 823 468 861 Pron.
496 822 560 860 66.
587 821 612 860 3
660 819 813 870 ἐμέθεν·
845 823 1003 860 πυκνῶς
1023 822 1063 860 αἱ
1082 820 1249 872 χρήσεις
1271 822 1375 873 παρὰ
1393 822 1624 862 Αἰολεῦσιν-

737 905 922 971 ἔμεθεν
949 904 995 957 δ’
1021 905 1255 976 ἕχεισθα
1280 906 1480 960 λάθαν.

763 1097 872 1155 125,
899 1098 989 1145 126

183 1188 326 1240 Heph.
369 1189 418 1229 87
455 1188 513 1236 [π.
549 1189 622 1226 τοῦ
662 1186 727 1225 ἀπ’
762 1185 987 1226 ἐλάσσονος
1027 1187 1216 1236 ἱωνικοῦ]·
1255 1182 1542 1236 ἀνακλωμένου
1580 1184 1623 1224 δὲ

119 1242 234 1283 ὄντος
255 1246 391 1291 αὐτοῦ,
416 1244 697 1293 προταχθεῖσα
717 1243 885 1292 ἰαμβικὴ
917 1242 1116 1292 ἑξάσημος
1142 1242 1166 1289 ἢ
1196 1240 1430 1291 ἑπτάσημος
1450 1243 1557 1281 ποιεῖ
1574 1241 1624 1280 τὸ

117 1301 314 1347 τοιοῦτον,
340 1298 423 1337 οἷον
443 1298 547 1349 παρὰ
570 1301 739 1349 Σαπφοῖ·
1303 1292 1308 1297 ’

217 1374 379 1446 ”Exeo
406 1373 502 1442 μὲν
529 1371 862 1442 Ἀνδρομέδα
892 1372 1072 1424 κάλαν
1099 1370 1344 1440 ἀμοίβαν
1385 1413 1395 1424 .
1443 1413 1453 1423 .
1499 1413 1510 1423 .

226 1488 482 1559 Ψάπφοι,
513 1487 565 1542 τί
592 1487 693 1540 τὰν
718 1485 1045 1551 πολύολβον
1072 1485 1406 1556 Ἀφροδίταν

228 1560 572 1630 [ἀτίμασας;
655 1603 664 1613 .
748 1603 757 1612 .
842 1602 851 1611 .
935 1602 944 1611 .
1029 1601 1038 1611 .
1123 1559 1204 1627 .]2

842 1875 897 1927 Z'

824 1980 913 2027 127

172 2070 285 2110 Ibid.
305 2070 356 2110 89
383 2071 438 2120 [π.
466 2067 784 2120 ἀσυναρτήτων]·
827 2067 988 2107 δύναται
1020 2068 1062 2108 δὲ
1093 2070 1156 2108 καὶ
1188 2067 1245 2107 εἷς
1271 2067 1435 2120 τρίπουν
1454 2068 1615 2108 ἀναπαι-

118 2125 289 2166 στικὸν3
309 2128 552 2177 διαιρεῖσθαι,
578 2125 613 2163 εἰ
632 2124 710 2163 ἀπὸ
732 2121 941 2163 σπονδείου
963 2124 1141 2174 ἄρχοιτο,
1168 2121 1252 2162 οἷον
1270 2127 1319 2163 τὸ
1340 2125 1540 2176 Σαπφοῦς·

1340 2215 1367 2228 V

333 2200 476 2254 αὐτὰ
505 2200 561 2253 δὲ
590 2199 675 2260 σύ,
706 2197 1015 2252 Καλλιόπα
1046 2218 1071 2237 “-’
1089 2230 1129 2237 -
1147 2231 1170 2244 ν
1187 2230 1227 2237 -
1245 2223 1269 2243 <a
1285 2230 1325 2237 —
1345 2231 1387 2250 -2

113 2299 186 2337 τοῦ
206 2298 470 2348 προσοδιακοί]
491 2298 537 2335 ὃν
558 2296 621 2334 καὶ
643 2296 765 2334 τοῦτο
787 2294 901 2333 εἶδος.

170 2416 185 2440 ²
213 2418 275 2456 E:
309 2430 395 2456 mss
419 2417 528 2467 ζαελ.
541 2447 549 2463 ,
572 2425 759 2468 προσελ.,
783 2415 861 2454 the
884 2414 1046 2454 former
1065 2428 1091 2454 a
1111 2414 1311 2454 metrical
1330 2412 1612 2454 emendation

112 2471 157 2510 of
182 2485 207 2510 a
228 2471 285 2522 hy
290 2484 382 2522 per·
387 2472 599 2523 aeolising
623 2471 710 2521 ζαλ.
738 2469 803 2520 (ζά
829 2469 915 2508 and
941 2469 1003 2508 διά
1029 2482 1144 2508 were
1162 2468 1272 2508 both
1292 2468 1414 2508 Aeol.
1427 2471 1465 2517 ):
1496 2467 1603 2507 Ahr.

115 2525 213 2573 ζὰδ
193 2528 224 2565 δ’
260 2527 319 2564 ἐλ.
358 2525 455 2574 (but
488 2526 532 2565 δέ
564 2527 600 2564 is
634 2530 713 2566 out,
744 2525 788 2564 of
825 2524 949 2576 place
982 2525 1027 2562 in
1059 2537 1115 2562 an
1149 2522 1331 2563 obvious
1367 2522 1466 2562 first,
1503 2521 1608 2570 line)

112 2582 126 2604 ²
161 2582 209 2629 Ε,
234 2595 263 2619 e.
282 2594 316 2631 y.
477 2581 493 2605 3
526 2581 699 2620 Hense.
732 2592 817 2619 mss
837 2581 973 2630 τρίτον
992 2577 1241 2619 ἀνάπαιστον

117 2673 212 2718 270
