1704 2937
649 255 833 301 LYRA
883 255 1160 301 GRAECA

851 388 939 434 101

203 478 318 517 Plut.
355 478 458 518 Hclt.
490 479 590 516 mal.
629 479 679 516 14
735 477 865 516 καίτοι
894 479 976 516 τῶν
1003 479 1187 515 παλαιῶν
1222 477 1286 515 καὶ
1320 475 1473 526 λογίων
1506 477 1656 529 ἀνδρῶν

149 535 228 583 οὐχ
257 532 450 583 “Ὀμηρος,
485 534 563 582 οὐχ
598 530 796 580 Ἡσίοδος,
832 533 903 572 οὐκ
937 530 1200 582 Ἀρχίλοχος,
1235 532 1279 569 οὐ
1318 531 1576 583 Πείσανδρος,
1610 534 1655 571 οὐ

150 588 418 638 Στησίχορος,
453 589 524 626 οὐκ
555 585 751 635 Ἀλκμάν,
786 588 830 626 οὐ
870 585 1074 637 Πίνδαρος,
1109 584 1330 635 Αἰγυπτίου
1366 585 1496 635 ἔσχον
1525 585 1656 637 λόγον

147 641 393 692 Ἡρακλέους
414 643 437 688 ἢ
459 640 649 689 Φοίνικος,
676 642 770 680 ἀλλ’
794 641 862 680 ἕνα
881 643 1029 680 τοῦτον
1048 643 1164 680 ἰ’σασι
1185 639 1336 680 πάντες
1358 639 1561 691 Ἡρακλέα
1583 641 1657 680 τὸν

150 696 324 736 Βοίωτον
345 699 443 746 ὁμοῦ
467 696 528 736 καὶ
552 698 746 747 Ἀργεῖον.

867 836 957 881 102

206 925 276 965 ΤΖ.
320 926 375 964 Il.
419 926 483 964 65.
530 925 693 964 Herm:
738 927 889 972 Θαλῆς,
934 923 1180 975 Πυθαγόρας,
1220 923 1396 964 Πλάτων
1433 940 1479 963 τε
1519 925 1582 964 καὶ
1625 926 1661 964 οἱ

151 981 319 1022 Στωϊκοὶ
351 981 542 1031 διαφορὰν
570 983 686 1019 ἴσασι
717 978 911 1029 δαιμόνων
939 994 986 1016 τε
1016 979 1079 1018 καὶ
1109 978 1250 1027 ἡρώων
1279 1011 1288 1019 .
1325 1010 1334 1019 .
1370 1010 1379 1019 .
1414 980 1587 1031 Ὀρφεὺς
1617 978 1659 1018 δὲ

152 1036 216 1074 καὶ
245 1034 435 1084 ”Ομηρος,
471 1033 655 1074 Ἡσίοδός
683 1050 729 1073 τε
760 1035 824 1074 καὶ
855 1034 1038 1082 Ἀλκμὰν
1068 1036 1088 1072 ὁ
1119 1035 1333 1085 λυροποιὸς
1362 1035 1427 1074 καὶ
1459 1035 1495 1073 οἱ
1523 1035 1657 1074 λοιποὶ

151 1089 312 1137 ποιηταὶ
334 1091 469 1136 ἄλλην
490 1090 629 1129 ἄλλως
650 1091 780 1128 ταῦτα
801 1087 1052 1140 ἐκδέχονται.

866 1240 958 1286 103

210 1331 333 1371 Eust.
360 1333 414 1371 Il.
445 1333 559 1371 1154.
587 1332 638 1369 :25
699 1331 761 1370 καὶ
785 1331 846 1370 ὅτι
869 1329 1096 1378 Ἀκμονίδαι
1121 1330 1158 1369 οἴ
1179 1331 1390 1381 Οὐρανίδαι
1410 1331 1606 1375 δηλοῦσιν
1626 1330 1663 1369 οἱ

153 1386 331 1435 παλαιοί,
358 1389 409 1427 ὡς
431 1387 472 1426 δὲ
486 1384 679 1435 ’‘Ales-amul
700 1388 719 1424 ὁ
743 1386 905 1437 οὐρανὸς
927 1388 946 1424 ὃ
969 1385 1163 1434 Ἀλκμάν,
1190 1393 1328 1435 φασιν,
1354 1385 1518 1436 ἱστορεῖ.

865 1557 958 1603 104

210 1645 320 1684 Ath.
353 1647 412 1684 14.
447 1644 569 1684 624b
600 1646 656 1695 [π.
694 1647 769 1691 τῆς
806 1645 1000 1694 Φρυγιστὶ
1037 1641 1255 1695 ἁρμονίας]·
1314 1642 1468 1689 ταύτην
1506 1642 1549 1682 δὲ
1588 1642 1664 1689 τὴν

155 1697 344 1748 ἁρμονίαν
373 1698 524 1750 Φρύγες
552 1704 701 1750 πρῶτοι
733 1698 848 1750 εὑρον
877 1701 940 1739 καὶ
971 1697 1319 1749 μετεχειρίσαντο.
1383 1698 1442 1737 διὸ
1476 1699 1541 1737 καὶ
1568 1697 1663 1736 τοὺς

155 1755 260 1804 παρὰ
297 1758 384 1794 τοῖς
423 1755 632 1801 ’Ἕλλησιν
680 1755 863 1800 αὐλητὰς
901 1754 1094 1805 Φρυγίους
1141 1754 1207 1793 καὶ
1258 1755 1544 1803 δουλοπρεπεῖς
1591 1752 1664 1791 τὰς

155 1809 427 1859 προσηγορίας
469 1809 595 1858 ἔχειν·
656 1807 738 1848 οἷός
785 1809 899 1847 ἐστιν
947 1811 967 1847 ὁ
1012 1809 1117 1859 παρὰ
1156 1809 1353 1857 Ἀλκμᾶνι
1393 1804 1558 1857 Σάμβας
1597 1807 1661 1846 καὶ

149 1862 281 1902 Ἀδων
311 1866 374 1903 καὶ
404 1863 574 1911 Τῆλος.2

872 1971 963 2016 105

213 2060 312 2100 Sch.
350 2061 405 2099 Il.
447 2061 483 2099 3.
521 2060 601 2099 250
640 2056 1009 2109 [Λαομεδοντιάδη]·
1068 2056 1203 2108 μήτηρ
1240 2055 1429 2109 Πριάμου,
1473 2058 1524 2096 ὥς
1563 2065 1665 2106 φησι

158 2114 381 2165 Πορφύριος
404 2115 445 2152 ἐν
465 2119 520 2164 τῷ
546 2114 641 2165 Περὶ
662 2117 743 2152 τῶν
765 2112 1160 2163 Παραλελειμμένων
1171 2117 1227 2161 τῷ
1242 2115 1392 2163 Ποιητῇ
1414 2109 1658 2160 Ὀνομάτων,

157 2170 261 2209 κατὰ
288 2169 363 2218 μὲν
391 2171 600 2218 Ἀλκμᾶνα
629 2170 703 2207 τὸν
731 2169 951 2216 μελοποιὸν
983 2166 1195 2218 Ζευξίππη,
1229 2168 1333 2206 κατὰ
1363 2165 1404 2205 δὲ
1427 2165 1666 2206 Ἑλλάνικον

159 2224 334 2276 Στρυμώ.

873 2330 966 2378 106

214 2420 331 2460 Plut.
359 2421 467 2459 Mas.
495 2422 519 2457 5
580 2422 653 2459 τοῦ
685 2418 726 2458 δὲ
758 2416 1051 2468 Πολυμνάστου
1074 2418 1137 2457 καὶ
1168 2417 1360 2468 Πίνδαρος
1391 2417 1455 2456 καὶ
1485 2418 1665 2467 Ἀλκμὰν

159 2477 195 2514 οἱ
214 2479 296 2514 τῶν
315 2478 452 2524 μελῶν
471 2475 632 2521 ποιηταὶ
656 2472 968 2523 ἐμνημόνευσαν.

215 2603 225 2626 ¹
259 2604 309 2650 B,
339 2602 394 2641 cf.
430 2603 551 2641 Eust.
588 2604 640 2643 Il.
681 2604 794 2641 1150.
831 2603 896 2649 59,
931 2600 1122 2652 Hesych.
1159 2599 1320 2649 ἄκμων;
1360 2611 1448 2638 mss
1471 2597 1667 2649 Ἄκμονος

157 2658 173 2682 ²
203 2659 242 2697 B
261 2670 381 2710 sugg.
407 2657 537 2697 Τύλος

166 2736 259 2783 106
