1704 2937
660 239 845 284 LYRA
892 241 1170 288 GRAECA

236 377 391 422 Procl.
426 375 603 425 Clzrest.
638 392 713 437 ap.
755 375 898 422 Phot.
934 377 1058 424 Bibl.
1096 395 1140 440 p.
1181 380 1277 425 320
1317 379 1439 425 Bek.
1517 374 1659 443 εὑρε-

159 444 319 508 θῆναι
365 443 420 496 δὲ
463 443 557 496 τὸν
599 442 941 512 διθύραμβον
988 444 1266 514 Πίνδαρος
1311 447 1366 499 ἐν
1409 445 1661 516 Κορίνθῳ

157 517 245 569 λέ
226 539 324 584 sec·
365 516 457 568 τὸν
497 516 550 568 δὲ
592 516 897 585 ἀρξάμενον
938 540 1033 584 της
1080 518 1217 588 ᾠδῆς
1254 517 1661 608 Ἀριστοκλῆς1

157 587 383 659 Ἀρίονά
447 593 619 658 φησιν
684 588 838 649 εἶναι,
893 589 947 647 ὃς
1014 594 1227 660 πρῶτος
1292 593 1383 644 τὸν
1433 591 1661 644 κύκλιον

156 663 332 730 ὴνγανγε·
358 661 544 733 χορόν.

231 763 411 808 Euseb.
460 762 532 809 Ol.
576 764 652 808 40.
700 763 728 807 4
805 754 1006 825 Ἀρίων
1058 756 1373 827 ἐνγνωριζετο
1427 757 1661 826 Μηθυμ-

157 835 321 888 ναῖος·
353 829 507 886 οὗτος
539 830 627 882 ἐπὶ
657 828 912 897 δελφῖνος
939 829 1012 885 εἰς
1040 828 1311 898 Ταίναρον
1338 829 1594 895 διεσώθη.

228 931 341 977 Sch.
376 932 459 977 Ar.
496 932 578 977 47
618 930 744 975 1403
787 923 1400 993 [κυκλιοδιδάσκαλον]·
1478 922 1660 977 Ἀντί-

154 1021 364 1066 πατρος
403 1000 498 1050 καὶ
539 995 839 1067 Εὐφρόνιος
882 997 1189 1065 ..φασὶ
1231 996 1355 1054 τοὺς
1397 995 1658 1053 κυκλίους

153 1070 350 1158 χοροὺς
379 1076 589 1136 στῆσαι
623 1073 840 1139 πρῶτον
877 1068 1067 1122 Λασόν
1112 1111 1121 1121 .
1166 1111 1176 1120 .
1222 1111 1231 1122 .
1275 1069 1324 1122 οἱ
1364 1069 1419 1123 δὲ
1459 1070 1656 1140 ἀρχαι-

157 1143 348 1213 ότεροι,
424 1143 758 1199 Ἑλλάνικος
837 1142 929 1194 καὶ
1006 1141 1361 1233 Δικαίαρχος,
1435 1140 1659 1212 Ἀρίονα

159 1217 249 1270 τὸν
303 1217 686 1281 ἈΙηθυμναῖον,
743 1214 1084 1284 Δικαιαρχος
1141 1215 1237 1282 μὲν
1289 1216 1342 1268 ἐν
1395 1220 1470 1284 τῷ
1524 1216 1657 1284 Περὶ

159 1293 463 1342 Μουσικῶν
531 1289 809 1356 Ἀ’γώνων,
880 1285 1210 1345 Ελλάνικος
1286 1287 1342 1341 δὲ
1417 1290 1471 1341 ἐν
1546 1291 1661 1345 τοῖς

158 1362 588 1432 Καρνεονίκαις.2

230 1463 365 1509 Suid.
444 1455 661 1525 Ἀρίων·
701 1455 1081 1521 Μηθυμναῖος,
1115 1452 1356 1521 λυρικός,
1398 1453 1660 1510 Κυκλέως

157 1529 283 1590 υἱός,
313 1529 502 1597 «γέγονε
542 1527 684 1581 κατὰ
726 1526 825 1592 τὴν
857 1525 945 1592 λη’
982 1525 1360 1594 Ὀλυμπιάδα.
1437 1527 1576 1583 τινὲς
1601 1525 1659 1579 δὲ

157 1604 248 1655 καὶ
274 1602 456 1670 μαθητ
438 1625 524 1667 ην
544 1599 900 1667 Ἀλκμᾶνος
883 1598 1188 1666 ιστόρηο-αν
1216 1597 1397 1652 αὐτόν.
1444 1599 1660 1669 ἔγραψε

156 1675 211 1728 δὲ
259 1674 504 1747 ἄσματα,
548 1672 810 1741 προοίμια
863 1673 934 1728 εἰς
987 1673 1092 1737 ἔπη
1143 1672 1218 1735 β’,
1294 1671 1518 1739 λέγεται
1564 1672 1659 1724 καὶ

156 1751 422 1814 τραγικοῦ
464 1746 671 1816 τρόπου
717 1745 934 1813 εὑρετὴς
980 1744 1257 1812 Ὑενὲσθαι,
1298 1745 1389 1798 καὶ
1442 1748 1659 1815 πρῶτος

156 1821 324 1891 χορὸν
353 1825 579 1887 στῆσαι,
610 1819 701 1871 καὶ
732 1816 1133 1886 διθύραμβον
1101 1824 1238 1889 ᾀσαι
1264 1818 1358 1870 καὶ
1387 1816 1658 1885 ὀνομάσαι

156 1893 218 1946 τὸ
247 1892 553 1964 ᾀδόμενον
533 1891 638 1945 υπὸ
667 1895 763 1944 τοῦ
790 1913 978 1961 χορου,
1001 1890 1092 1943 καὶ
1107 1874 1398 1960 Σατύρους
1426 1890 1656 1958 elo-every-

157 1970 270 2019 κεῖν
299 1967 539 2035 ἔμμετρα
566 1964 847 2032 λέγοντας.

225 2168 352 2214 Vide
398 2168 519 2214 Luc.
560 2167 707 2214 DM.
751 2167 795 2222 S,
837 2166 998 2214 Strab.
1046 2167 1118 2212 13.
1164 2167 1278 2224 618,
1319 2166 1460 2213 Paus.
1500 2167 1545 2213 3.
1579 2167 1657 2212 25.

159 2239 216 2292 7;
255 2236 366 2283 Ael.
394 2236 521 2283 NA.
556 2237 628 2282 12.
659 2236 719 2280 45
758 2241 938 2297 quotes
973 2234 1063 2280 the
1101 2234 1258 2297 hymn
1295 2233 1352 2280 of
1381 2234 1569 2280 thanks
1604 2241 1658 2280 to

374 2420 382 2443 ¹
417 2434 502 2460 mss
523 2420 815 2473 Ἀριστοτέλης
1052 2418 1068 2442 ‘3
1099 2432 1184 2460 mss
1207 2422 1440 2472 Κραναΐκοῑς

162 2713 251 2773 138
