1704 2937
620 202 806 248 LYRA
858 203 1136 250 GRAECA

199 341 318 388 Luc,
358 340 462 387 Am.
502 336 564 382 30
641 330 686 383 εἰ
726 330 974 399 γυναιξὶν
1019 331 1291 399 ἐκκλησία
1335 326 1429 386 καὶ
1475 332 1622 386 δικα-

85 470 89 473 ⁴
125 408 326 478 στήρια
366 406 458 459 καὶ
505 407 809 457 πολιτικῶν
855 406 1198 475 πραγμάτων
1235 406 1298 471 ἦν
1337 404 1624 474 μετουσία,

125 479 436 551 στρατηγὸς
465 479 530 532 ἂν
558 478 589 544 ἢ
617 477 938 546 προστάτης
966 479 1412 550 ἐκεχειροτόνησο
1439 478 1535 532 καί
1561 501 1627 532 σε

124 557 357 629 χαλκῶν
384 552 716 621 ἀνδριάντων
744 551 797 603 ἐν
825 556 944 607 ταῖς
972 552 1215 621 ἀγοραῖς,
1240 552 1279 605 ὦ
1308 551 1624 623 Χαρίκλεις,

124 628 337 695 ἐτίμων.
431 623 634 695 σχεδὸν
691 622 797 692 γὰρ
859 623 981 677 οὐδὲ
1034 625 1200 678 αὐταὶ
1250 625 1377 696 περὶ
1427 625 1624 685 αὑτῶν,

126 699 333 755 ὁπόσαι
386 697 650 767 προῦχειν
702 695 846 748 κατὰ
899 695 1107 767 σοφίαν
1158 696 1396 757 ἐδόκουν,
1449 698 1496 751 εἰ
1547 720 1628 755 τις

126 775 319 830 αὐταῖς
373 770 469 838 τὴν
522 773 620 822 τοῦ
674 769 855 836 λέγειν
909 769 1166 838 ἐξουσίαν
1217 772 1432 840 ἐφῆκεν,
1485 770 1626 824 οὕτω

125 845 264 914 μετὰ
328 842 574 909 σπουδῆς
634 841 700 894 ἂν
762 842 931 903 εἶπον,
987 844 1093 914 οὐχ
1155 845 1186 910 ἡ
1251 839 1630 912 Σπαρτιάταις

129 915 562 985 ἀνθωπλισμένη
602 913 936 976 Τελέσιλλα,
976 915 1041 968 δι’
1081 916 1146 982 ἣν
1186 919 1240 970 ἐν
1274 915 1470 986 ”Αργει
1509 915 1631 972 θεὸς

129 992 443 1064 ἀριθμεῖται
499 992 771 1056 γυναικῶν
815 988 1008 1058 ”Αρης·
1064 990 1192 1060 οὐχὶ
1243 988 1306 1042 τὸ
1365 987 1632 1060 μελιχρὸν

130 1067 360 1137 αὔχημα
392 1060 653 1126 Λεσβίων
679 1058 896 1130 Σαπφὼ
933 1062 1027 1115 καὶ
1066 1063 1097 1129 ἡ
1127 1067 1222 1129 τῆς
1247 1059 1633 1132 Πυθαγορείου

132 1137 335 1208 σοφίας
379 1136 627 1204 θυγάτηρ
671 1134 877 1187 Θεανώ·
919 1136 1071 1205 τάχα
1111 1133 1154 1186 δ’
1195 1135 1316 1188 οὐδὲ
1356 1137 1633 1204 Περικλῆς

132 1212 300 1268 οὕτως
330 1209 393 1263 ἂν
420 1207 721 1280 Ἀσπασία
748 1205 1142 1278 συνηγόρησεν.

208 1321 283 1369 Id.
321 1319 470 1367 M'erc.
513 1317 661 1365 (fond.
701 1317 761 1363 3ss
840 1310 930 1363 καὶ
971 1309 1078 1380 γὰρ
1121 1311 1191 1364 αὖ
1231 1309 1327 1363 καὶ
1365 1309 1487 1365 τόδε
1529 1308 1636 1364 ὑπὸ

133 1392 240 1442 τῶν
267 1390 540 1456 γυναικῶν
570 1383 958 1448 σπουδάζεται,
989 1382 1050 1436 τὸ
1091 1383 1226 1437 εἶναί
1261 1406 1411 1441 τινας
1445 1383 1637 1439 αὐταῖς

135 1458 598 1528 πεπαιδευμένους
642 1457 849 1523 μισθοῦ
896 1458 1180 1513 ὑποτελεῖς
1233 1456 1493 1524 ξυνόντας
1545 1455 1639 1509 καὶ

135 1539 209 1604 τῷ
254 1533 452 1604 φορείῳ
495 1532 804 1599 ἑπομένους·
849 1529 903 1582 ἓν
942 1529 1048 1597 γάρ
1095 1552 1146 1581 τι
1193 1530 1282 1582 καὶ
1329 1533 1491 1582 τοῦτο
1532 1532 1637 1582 τῶν

133 1608 325 1660 ἄλλων
354 1604 850 1671 καλλωπισμάτων
892 1603 1081 1657 αὑταῖς
1122 1601 1284 1662 δοκεῖ,
1313 1601 1378 1669 ἢν
1403 1601 1637 1670 λέγηται

138 1683 207 1737 ὡς
235 1677 665 1743 πεπαιδευμέναι
695 1675 752 1728 τέ
781 1676 888 1727 εἰσι
916 1676 1010 1728 καὶ
1047 1674 1354 1744 φιλόσοφοι
1390 1675 1482 1728 καὶ
1518 1696 1638 1727 ποι-

137 1759 293 1808 οῦσιν
323 1751 551 1825 ᾄσματα
581 1751 642 1802 οὐ
671 1749 816 1801 πολὺ
845 1753 938 1814 τῆς
968 1746 1233 1818 Σαπφοῦς
1262 1747 1583 1812 ἀποδέοντα.

207 1863 309 1911 Cic,
337 1863 479 1909 Verr.
511 1862 555 1909 2.
587 1862 632 1907 4.
662 1861 722 1906 57
796 1858 926 1903 Nam
958 1857 1176 1920 Sappho,
1203 1873 1330 1920 quae
1356 1857 1553 1904 sublata
1576 1855 1642 1903 de

140 1938 386 1994 prytaneo
426 1936 520 1985 est,
559 1928 647 1974 dat
694 1927 787 1973 tibi
830 1929 1012 1971 iustam
1055 1929 1447 1982 excusationem,
1486 1940 1643 1987 prope

143 2007 200 2046 ut
235 1996 618 2044 concedendum
655 2002 808 2057 atque
847 1993 1213 2055 ignoscendum
1252 2010 1361 2040 esse
1398 1993 1640 2039 videatur.

143 2067 410 2114 Silanionis
459 2081 583 2126 opus
631 2070 735 2109 tam
784 2061 1086 2124 perfectum,
1128 2068 1233 2107 tam
1281 2061 1504 2122 elegans,
1539 2067 1644 2106 tam

144 2135 474 2190 elaboratum,
491 2136 751 2195 quisquam
775 2146 876 2175 non
900 2129 1050 2175 modo
1070 2132 1292 2191 privatus
1317 2128 1406 2175 sed
1431 2126 1645 2191 populus

146 2206 311 2266 potius
360 2201 587 2256 haberet,
637 2216 786 2261 quam
836 2197 987 2242 1101110
1035 2197 1439 2259 elegantissimus
1491 2202 1645 2258 atque

145 2270 512 2317 eruditissimus
536 2268 752 2314 Verres?
793 2304 803 2314 .
846 2303 856 2314 .
898 2304 909 2314 .
948 2271 1101 2327 atque
1133 2265 1258 2311 haec
1293 2263 1497 2327 Sappho
1531 2264 1646 2310 sub-

147 2339 248 2384 lata
303 2343 550 2400 quantum
606 2334 912 2381 desiderium
969 2336 1044 2378 sui
1091 2332 1369 2395 reliquerit,
1419 2331 1520 2378 dici
1566 2333 1647 2376 vix

147 2412 333 2469 potest.
419 2422 535 2449 nam
590 2420 703 2449 cum
758 2406 863 2463 ipsa
919 2400 1016 2447 suit
1075 2403 1280 2463 egregie
1339 2399 1491 2457 facta,
1537 2405 1647 2446 tum

204 2606 220 2631 ¹
251 2607 354 2655 this,
380 2606 489 2645 with
521 2606 596 2644 the
626 2605 703 2644 ref.
731 2610 776 2644 to
809 2604 1022 2656 Syracuse
1053 2605 1097 2642 in
1128 2604 1205 2643 the
1227 2603 1386 2642 Parian
1418 2601 1649 2643 Chronicle

158 2701 250 2745 170
