1704 2937
647 181 834 227 LYRA
884 180 1164 227 GRAECA

214 309 313 355 Cic.
348 308 480 355 Taso.
510 310 647 374 Disp.
679 312 721 356 4.
754 309 811 357 71
890 309 1053 356 Fortis
1092 313 1164 355 vir
1193 313 1246 356 in
1275 327 1364 356 sua
1396 311 1655 373 republica

147 381 379 439 cognitus
405 395 533 440 quae
561 379 625 424 de
650 382 889 424 iuvenum
914 394 1083 424 amore
1109 379 1283 424 scribit
1309 378 1555 426 Alcaeus!

218 496 339 541 Hor.
369 495 454 541 Od.
483 498 521 542 1.
545 498 620 548 32.
647 498 673 542 3
714 535 722 542 .
765 535 772 543 .
815 535 824 543 .
862 513 958 559 age
985 497 1067 543 dic
1094 497 1348 556 Latinum,

416 565 627 622 barbite,
654 582 873 622 carmen,

415 631 598 678 Lesbio
624 636 842 695 primum
867 633 1127 679 modulate
1153 637 1264 691 civi,

414 704 499 761 qui
524 701 666 746 ferox
689 701 841 759 bello,
865 708 1039 748 tamen
1065 705 1200 747 inter
1223 713 1359 747 arma

413 773 516 815 sive
541 773 779 815 iactatam
805 770 1042 832 religarat
1069 769 1168 815 udo

413 835 561 883 litore
588 840 772 893 navim,

424 905 663 951 Liberum
690 912 743 951 et
771 905 941 951 Musas
967 905 1323 967 Veneremque
1350 912 1404 952 et
1428 905 1502 951 illi

413 989 613 1034 semper
639 973 937 1019 haerentem
963 989 1174 1034 puerum
1200 975 1416 1020 canebat

414 1048 467 1088 et
495 1041 684 1104 Lycum
712 1044 868 1102 nigris
894 1041 1050 1087 oculis
1075 1044 1322 1104 nigroque

411 1113 549 1156 crine
576 1109 830 1155 decorum.

211 1229 338 1276 Ibid.
370 1231 411 1276 2.
444 1230 518 1275 13.
550 1230 610 1275 ’26
650 1266 659 1275 .
701 1266 711 1275 .
752 1268 761 1276 .
801 1235 854 1275 et
879 1236 932 1275 te
959 1237 1225 1278 sonantem
1256 1230 1456 1293 plenius
1481 1248 1649 1290 aureo,

408 1297 611 1354 Alcaee‚
638 1297 833 1358 plectro
859 1297 983 1343 dura
1007 1302 1162 1354 navis,

412 1366 537 1412 dura
562 1365 713 1427 fugae
738 1365 884 1423 mala,
912 1365 1035 1411 dura
1060 1366 1193 1412 belii.

214 1493 363 1539 Dion.
407 1493 522 1540 Hal.
600 1494 731 1538 ,421
777 1493 995 1539 Reiske:
1032 1485 1301 1539 Ἀλκαίου
1350 1487 1405 1540 δὲ
1450 1488 1648 1541 σκόπει

141 1561 202 1615 τὸ
231 1560 580 1629 μεὙαλοφυὲς
607 1560 701 1613 καὶ
731 1559 925 1630 βραχὺ
953 1559 1042 1612 καὶ
1081 1558 1229 1625 ηδὺ
1211 1559 1343 1612 όσον
1379 1560 1547 1627 αὐτῆς
1572 1561 1647 1627 μὴ

141 1640 207 1705 τῇ
237 1632 508 1702 διαλέκτῳ
547 1655 600 1685 τι
640 1633 968 1685 κεκάκωται·
1011 1631 1104 1684 καὶ
1142 1630 1249 1698 πρὸ
1286 1633 1547 1686 ἁπάντων
1585 1633 1646 1686 τὸ

140 1712 246 1761 τῶν
276 1708 593 1758 Πολιτικῶν
620 1705 886 1778 ασμάτων
910 1704 1104 1770 1ἠθος.
1182 1710 1487 1794 πολλαχοῦ
1513 1710 1647 1774 «γοῦν

140 1781 200 1833 τὸ
251 1779 448 1849 μέτρον
499 1801 579 1835 τις
631 1778 674 1830 εἰ
727 1777 974 1847 περιέλοι
1037 1775 1331 1847 ῥητορικὴν
1384 1779 1450 1830 ἂν
1501 1779 1646 1849 εὕροι

139 1850 451 1917 πολιτικήν.
459 1851 480 1882 2

209 1977 385 2036 Quint.
417 1977 526 2021 Inst.
567 1975 638 2021 10.
672 1976 693 2020 1
771 1975 988 2022 Alcaeus
1025 1979 1077 2020 in
1113 1982 1257 2037 parte
1294 1980 1458 2037 operis
1493 1993 1645 2024 aureo

139 2047 334 2108 plectro
391 2047 574 2090 merito
621 2043 854 2101 donatur,
904 2061 1001 2106 qua
1048 2049 1290 2105 tyrannos
1337 2047 1643 2101 insectatum

138 2114 355 2160 multum
373 2116 528 2158 etiam
553 2113 773 2157 moribus
801 2112 998 2157 confert
1021 2127 1031 2166 ;
1056 2115 1107 2156 in
1134 2110 1419 2173 eloquendo
1444 2129 1642 2175 quoque

139 2183 303 2227 brevis
364 2187 417 2226 et
486 2179 782 2240 magnificus
842 2186 894 2225 et
964 2179 1197 2240 diligens,
1259 2185 1312 2225 et
1371 2180 1643 2241 plurimum

143 2250 366 2295 Homero
403 2247 605 2302 simili53
643 2246 733 2292 sed
775 2250 825 2291 in
866 2247 1002 2293 lusus
1040 2253 1092 2292 et
1128 2263 1323 2292 amores
1360 2247 1642 2306 descendit,

139 2318 407 2363 maioribus
432 2322 604 2361 tamen
630 2318 806 2376 aptior.

370 2463 382 2486 1
415 2477 500 2502 mss
521 2464 771 2513 πραγμάτων
1044 2461 1061 2485 ²
1091 2476 1178 2501 mss
1199 2464 1410 2503 πολιτείαν

192 2564 206 2588 1
238 2563 291 2604 cf.
318 2564 403 2604 Cic*
430 2563 544 2601 NJ).
572 2565 603 2602 1.
631 2564 678 2601 21
785 2561 801 2584 '-'
830 2561 908 2600 ref.
930 2560 1053 2613 perh.
1079 2568 1126 2602 to
1154 2563 1231 2602 the
1261 2563 1364 2603 civil
1394 2563 1522 2604 strife
1551 2563 1638 2603 and

141 2659 165 2703 3
183 2659 192 2687 1
211 2658 232 2687 2
