1704 2937
635 198 822 243 LYRA
873 196 1152 242 GRAECA

857 330 920 376 92

191 408 287 449 Sch.
325 408 455 460 Soph.
496 410 597 448 O.T.
637 410 713 448 153
745 407 979 459 [ἐκτέταμαι
1009 409 1188 460 φοβερὰν
1218 406 1375 460 φρένα]·
1413 407 1643 459 ἐκπέπληγ-

135 479 217 513 μαι,
243 465 423 516 φοβερὰν
444 463 485 503 δὲ
506 464 582 511 τὴν
602 465 836 516 περίφοβον.
895 465 958 503 καὶ
980 466 1179 503 Ἀλκαῖος·

209 549 400 620 ἐλάφω
431 548 486 602 δὲ
511 550 722 618 βρόμος
751 551 805 602 ἐν
835 550 1068 618 στήθεσι
1096 547 1242 620 φυίει
1270 548 1524 619 φόβερος·
1546 551 1565 581 ²

135 654 223 693 ἀντὶ
246 656 319 693 τοῦ
340 654 574 707 περίφοβος.

828 873 958 920 92Α

191 952 279 991 Str.
310 952 370 991 13.
398 952 477 990 606
517 951 593 997 τὴν
625 948 666 988 δὲ
713 953 940 1000 Αντανδρον
972 953 1160 989 Ἀλκαῖος
1194 947 1268 999 μὲν
1301 951 1422 988 καλεῖ
1453 948 1646 1000 Λελέγων

135 1006 275 1045 πόλιν·

308 1084 516 1152 Πρώτοι
543 1083 642 1149 μὲν
660 1084 999 1153 ”Αντανδρος
1027 1086 1285 1152 Λελέγων
1312 1082 1477 1140 πόλις

862 1221 923 1268 93

193 1298 290 1338 seh.
328 1297 508 1336 Theocr.
545 1299 581 1339 ’7.
607 1291 697 1337 '112
730 1299 898 1351 [Ἕβρον
932 1299 1009 1351 πὰρ
1050 1299 1262 1348 ποταμὸν]·
1303 1298 1490 1338 Ἀλκαῖός
1523 1305 1644 1349 φησιι

140 1354 201 1392 ὅτι
216 1352 363 1404 Ἕβρος
386 1351 612 1393 κάλλιστος
632 1357 837 1403 ποταμῶν.

302 1462 331 1483 f.
346 1460 381 1495 q.
886 1429 1149 1497 ποτάμων
1176 1428 1441 1482 ἁπάντων

338 1501 343 1570 Ι
424 1501 599 1570 ’Έβρε
625 1473 862 1554 κάλισιτε

862 1642 924 1688 94

194 1715 350 1755 Zenob.
379 1716 581 1763 (Famem.
612 1717 645 1755 1.
672 1717 741 1764 36)
801 1718 862 1766 αἲξ
888 1718 1043 1768 Σκυρία·
1076 1715 1306 1769 Χρύσιππός
1333 1726 1459 1769 φησιν
1480 1717 1543 1755 ἐπὶ
1565 1719 1646 1756 τῶν

139 1773 212 1810 τὰς
243 1770 474 1822 εὐεργεσίας
514 1770 821 1823 ἀνατρεπόντων
868 1772 1067 1822 τετάχθαι
1103 1773 1181 1820 τὴν
1226 1773 1450 1825 παροιμίαν,
1507 1773 1644 1819 ἐπειδὴ

138 1825 342 1865 πολλάκις
380 1825 432 1864 τὰ
470 1826 619 1875 ἀγγεῖα
649 1825 861 1877 ἀνατρέπει
895 1829 920 1876 ἡ
956 1831 1028 1879 αἵξ·
1072 1828 1193 1867 ἄλλοι
1227 1826 1272 1866 δέ
1309 1837 1433 1878 φασιν
1467 1828 1530 1866 ἐπὶ
1564 1829 1646 1867 τῶν

140 1879 391 1932 ὀνησιφόρων
411 1879 618 1931 λέγεσθαι,
643 1883 705 1920 διὰ
730 1883 779 1920 τὸ
801 1883 907 1921 πολὺ
927 1882 1039 1933 γάλα
1060 1881 1196 1935 φέρειν
1221 1884 1294 1922 τὰς
1325 1883 1490 1935 Σκυρίας
1512 1882 1642 1932 αἶγας.

137 1934 333 1984 μέμνηται
354 1936 545 1988 Πίνδαρος
567 1937 631 1976 καὶ
651 1939 851 1977 Ἀλκαῖος.

860 2075 921 2122 95

192 2148 288 2189 Seh.
325 2149 407 2200 Ap.
446 2149 528 2188 Rh.
567 2151 600 2189 l.
637 2151 714 2191 957
756 2149 899 2202 [κρήνῃ
933 2153 997 2189 ὑπ’
1027 2151 1248 2204 Ἀρτακίῃ]·
1291 2150 1481 2203 Ἀρτακία
1518 2150 1643 2204 κρήνη

137 2205 225 2255 περὶ
262 2203 440 2254 Κύζικον,
466 2203 512 2250 ἧς
548 2206 610 2244 καὶ
638 2206 823 2245 Ἀλκαῖος
854 2204 1052 2255 μέμνηται
1081 2207 1144 2246 καὶ
1177 2206 1444 2257 Καλλίμαχος
1475 2206 1537 2246 ὅτι
1566 2207 1644 2253 τῆς

139 2260 349 2298 Δολιονίας
371 2259 495 2299 ἐστιν.

368 2374 397 2397 κ,
413 2373 446 2410 q,
494 2340 731 2406 Κύζικον
758 2342 1058 2396 Δολῖονίαν

190 2517 205 2540 ¹
237 2517 411 2570 βρόμοςε
462 2519 544 2557 Blf.
582 2518 750 2570 τρόμοςῑ
797 2521 835 2558 B
873 2517 1068 2571 τέτρομος
1106 2519 1174 2558 for
1213 2519 1255 2559 δὲ
1294 2523 1359 2571 βρ.
1396 2518 1450 2558 cf.
1489 2518 1638 2570 Apoll.

142 2574 260 2612 Pron.
287 2575 367 2612 334
393 2574 443 2622 (2.
476 2575 506 2611 1.
538 2575 570 2613 l.
597 2576 650 2613 58
672 2573 825 2623 Leutz)

139 2662 236 2718 380
