1704 2937
718 611 1084 670 EAHCDOTE

843 749 969 808 Bios*

225 868 363 915 Stob.
396 868 467 916 Fl.
500 872 574 917 29.
607 874 669 918 5&
746 865 1032 919 Αἰλιανοῦ·
1074 864 1264 923 Σόλων
1304 864 1330 919 ὁ
1369 866 1663 956 Ἀθηναῖος

151 933 546 1003 Ἐξηκεστίδου
590 938 746 1008 παρὰ
785 938 957 992 πότον
1003 943 1101 992 τοῦ
1147 938 1447 1009 ἀδελφιδοῦ
1487 939 1661 991 αὐτοῦ

151 1007 318 1075 μέλος
361 1032 414 1062 τι
459 1011 726 1081 Σαπφοῦς
770 1012 1027 1083 ἄσαντος,
1067 1013 1213 1079 ἥσθη
1253 1014 1328 1081 τῷ
1367 1011 1523 1077 μέλει
1567 1011 1662 1063 καὶ

153 1081 465 1150 προσεταξε
501 1089 576 1154 τῷ
613 1083 878 1154 μειρακίω
914 1084 1130 1153 διδάξαι
1168 1083 1345 1138 αὐτόν.
1424 1083 1660 1153 ἐρωτήσ-

153 1176 313 1210 αντος
338 1154 393 1208 δε
420 1179 564 1214 τινος
593 1158 681 1210 διὰ
709 1180 873 1210 ποιαν
896 1156 1081 1210 αἰτίαν
1109 1161 1271 1210 τοῦτο
1299 1155 1660 1218 ἐσπόυδακεν,

153 1226 240 1280 ὅδε
267 1228 391 1298 ἔφη·
438 1239 449 1257 ‘
469 1229 595 1283 Ἵνα
623 1230 815 1298 μαθὼν
842 1229 976 1282 αὐτὸ
1003 1227 1302 1283 ἀποθάνω.’

230 1333 416 1380 Hdt.2
423 1333 557 1380 ,135
633 1327 900 1384 (Ροδῶπις
938 1326 994 1380 δὲ
1026 1328 1077 1384 ἐς
1110 1328 1398 1394 Αἴγυπτον
1433 1324 1662 1380 ἀπίκετο

159 1401 387 1459 Ξάνθεω
435 1405 531 1453 τοῦ
577 1400 786 1467 Σαμιου
839 1399 1193 1467 κομίσαντος·
1251 1398 1558 1467 ἀπικομένη
1609 1398 1667 1452 δὲ

158 1473 277 1529 κατ’
338 1472 599 1543 ἐργασιην
654 1473 822 1538 ἐλύθη
886 1473 1186 1543 χρημάτων
1235 1473 1494 1541 μεΎάλων
1557 1470 1664 1525 ὑπὸ

158 1545 348 1615 ἀνδρὸς
439 1545 827 1610 Μυτιληναίου
909 1546 1168 1614 Χαράξου
1250 1549 1347 1598 τοῦ
1411 1541 1662 1610 Σκαμαν-

159 1619 440 1691 δρωνύμου
503 1618 701 1676 παιδὸς
764 1618 1036 1689 ἀδελφεοῦ
1102 1618 1157 1670 δὲ
1240 1615 1507 1688 Σαπφοῦς
1570 1623 1666 1684 τῆς

159 1695 574 1762 μουσοποιοῦ..
618 1736 626 1744 .
668 1736 676 1744 .
721 1691 980 1761 φιλέουσι
1035 1689 1091 1743 δέ
1145 1713 1251 1747 κως
1302 1691 1357 1743 ἐν
1402 1694 1482 1779 τῇΑ
1515 1692 1666 1743 Ναυ-

159 1766 320 1835 κράτι
348 1763 710 1835 ἐπαφρόδιτοι
737 1763 1027 1833 Γγίγνεσθαι
1048 1763 1106 1816 αἱ
1127 1763 1357 1852 ἑταῖραι·
1387 1766 1548 1816 τοῦτο
1567 1762 1665 1827 μὲν

160 1838 265 1907 ’γὰρ
305 1838 445 1902 αὕτη
486 1842 581 1903 τῆς
621 1837 746 1903 πέρι
784 1836 1009 1905 λέγεται
1037 1833 1179 1889 ὅδε
1155 1859 1181 1889 ο
1219 1833 1386 1904 λόγος
1413 1835 1554 1888 οὕτω
1596 1834 1662 1901 δή

162 1935 214 1964 τι
267 1909 455 1976 κλεινὴ
509 1910 719 1977 ἐγενετο
772 1912 840 1967 ὡς
892 1909 984 1962 καὶ
1036 1909 1240 1966 πάντες
1291 1908 1341 1961 οἱ
1390 1906 1666 1973 (Έλληνες

159 1983 454 2039 Ῥοδωπιος
495 1983 557 2035 τὸ
599 1983 804 2050 οὔνομα
845 1981 1113 2051 ἐξέμαθον
1153 2022 1163 2033 .
1209 1980 1574 2050 ..Χάραξος
1610 1979 1667 2034 δὲ

163 2060 230 2114 ὡς
257 2057 565 2123 λυσάμενος
586 2053 852 2108 Ῥοδῶπιν
873 2052 1225 2120 ἀπενόστησε
1244 2054 1296 2110 ἐς
1319 2053 1666 2121 Μυτιλήνην,

162 2132 215 2183 ἐν
242 2128 398 2197 μέλεϊ
425 2127 643 2198 Σαπφὼ
672 2126 1108 2197 κατεκερτόμησέ
1135 2149 1243 2195 μιν.

236 2234 365 2282 Ibid.
397 2235 489 2280 134
567 2227 708 2280 κατὰ
726 2228 973 2295 ”Αμασιν
1001 2225 1380 2293 βασιλεύοντα
1400 2225 1463 2292 ἦν
1489 2225 1663 2293 ἀκμά-

167 2303 337 2367 ζουσα
362 2300 645 2357 (Ροδῶπις.

239 2405 337 2453 Str
371 2405 445 2453 17.
475 2402 570 2450 808
601 2399 681 2465 [π.
727 2396 1091 2465 πυραμίδων]·
1191 2394 1415 2463 λεὙεται
1466 2394 1523 2448 δὲ
1574 2400 1669 2462 τῆς

167 2472 389 2542 ἑταιρας
440 2473 612 2540 τάφος
675 2470 908 2538 «γε’γονὼς
961 2468 1068 2521 ὑπὸ
1121 2470 1226 2520 τῶν
1290 2469 1553 2537 ἐραστῶν,
1602 2467 1669 2533 ἣν

165 2545 384 2614 Σαπφὼ
411 2544 505 2612 μὲν
533 2545 564 2610 ἡ
587 2546 693 2596 τῶν
711 2545 893 2610 μελῶν
919 2541 1180 2611 ποιήτρια
1206 2544 1371 2592 καλεῖ
1388 2538 1667 2610 Δωρίχαν,

168 2617 439 2686 ἐρωμένην
467 2620 564 2669 τοῦ
589 2615 834 2685 ἀδελφοῦ
862 2615 1028 2680 αὐτῆς
1068 2612 1330 2682 Χαράξου
1364 2615 1668 2680 «γεγονυῖαν,

174 2731 266 2771 140
