1704 2937
636 236 821 283 LYRA
870 237 1151 283 GRAECA

860 367 920 414 27

189 453 334 505 Apoll.
365 454 483 493 Pron.
514 456 601 495 100.
621 456 646 494 5
704 455 809 504 ἄμμε
830 455 1005 495 Αἰολεῖς·

512 573 521 582 .
602 531 799 586 ὅπταις·
828 529 972 599 ἄμμε

136 627 285 675 Σαπφὼ
305 626 460 677 πρώτῳ.

859 767 920 812 28

190 855 309 894 ἸὰΙᾶΧ.
337 856 439 907 Tyr.
465 857 640 906 24(18).
668 857 692 895 9
743 855 914 904 Διοτίμα
949 864 1078 906 λεγει,
1124 857 1186 896 ὅτι
1227 856 1373 896 θάλλει
1410 857 1484 906 μὲν
1515 857 1644 909 Ἔρως

135 911 327 962 εὐπορῶν,
353 910 596 962 ἀποθνῄσκει
629 910 671 950 δὲ
704 911 873 961 ἀπορῶν·
911 914 1034 950 τοῦτο
1065 913 1216 963 Σαπφὼ
1249 916 1523 958 συλλαβοῦσα
1554 914 1642 953 εἶπε

134 965 413 1017 γλυκύπικρον
433 967 519 1014 (81)
546 966 608 1004 καὶ

691 1029 1086 1099 ἀλγεσίδωρον·

133 1137 206 1175 τὸν
220 1135 379 1187 Ἔρωτα
400 1134 613 1187 Σωκράτης
635 1136 841 1186 σοφίστην
861 1133 990 1185 λέγει,
1018 1137 1169 1186 Σαπφὼ

689 1219 1066 1289 μυθόπλοκον.

857 1408 917 1454 ’29

186 1498 276 1538 Jul.
316 1499 392 1549 Ep.
438 1501 485 1538 18
544 1499 640 1537 ἀλλ’
680 1498 737 1538 εἷς
776 1498 921 1537 αὐτοὺς
959 1498 1008 1536 ἂν
1045 1500 1128 1535 τῶν
1167 1496 1367 1548 ὑμετέρων
1406 1497 1507 1549 ὀρῶν
1545 1499 1641 1539 τοὺς

131 1552 332 1605 πρόποδας
362 1553 501 1602 ἕπτην,
531 1555 597 1593 ἵνα
626 1568 688 1601 σε,
721 1553 770 1592 τὸ
800 1553 963 1601 μέλημα
990 1549 1153 1600 τούμόν,
1178 1553 1230 1591 ὥς
1259 1560 1385 1602 φησιν
1413 1553 1438 1600 ἡ
1470 1555 1635 1604 Σαπφώ,

131 1608 440 1660 περιπτύξωμαι.

204 1705 286 1741 09-
334 1715 345 1725 .
427 1716 437 1726 .
518 1715 528 1724 .
610 1715 620 1724 .
703 1714 712 1723 .
795 1714 804 1723 .
886 1670 953 1727 ὤς
982 1693 1054 1730 τε,
1082 1669 1304 1738 μέλημα
1333 1671 1528 1740 τῶμον,
1568 1722 1570 1725 ,

237 1746 242 1815 Ι
326 1744 624 1816 περπτύγω
642 1747 659 1775 1

857 1872 919 1918 30

185 1960 396 2001 Philostr.
428 1962 510 2000 Im.
545 1961 581 2000 2.
619 1962 636 1999 1
697 1961 896 1998 τοσοῦτον
925 1958 1181 2008 ἁμιλλῶνται
1211 1959 1268 2009 (αἱ
1297 1958 1498 2009 παρθένοι)
1529 1961 1637 2011 ῥοδο-

129 2014 277 2064 πήχεις
308 2017 371 2055 καὶ
404 2016 641 2054 ἑλικώπιδες
673 2015 736 2053 καὶ
770 2013 1041 2066 καλλιπάρῃοι
1077 2015 1142 2053 καὶ
1176 2012 1411 2064 μελῖφωνοι,
1446 2017 1636 2065 Σαπφοῦς

127 2072 250 2110 τοῦτο
272 2072 320 2116 δὴ
340 2072 389 2109 τὸ
409 2071 484 2118 ἡδὺ
505 2069 785 2120 πρόσφθεγμα.

184 2126 403 2164 Arist-aen.
453 2126 485 2163 1.
535 2125 583 2163 10
649 2125 725 2172 πρὸ
764 2126 840 2170 τῆς
877 2120 1083 2163 παστάδος
1126 2124 1200 2162 τὸν
1240 2119 1423 2171 ὑμέναιον
1461 2120 1558 2174 ᾖδον
1595 2124 1636 2162 αἱ

126 2181 418 2230 μουσικώτεραι
466 2182 547 2218 τῶν
593 2175 796 2229 παρθένων
835 2179 899 2218 καὶ
948 2174 1379 2229 μειλιχοφωνότεραι,2
1414 2180 1538 2216 τοῦτο
1587 2179 1635 2224 δὴ

127 2237 318 2285 Σαπφοῦς
338 2235 386 2272 τὸ
408 2234 575 2279 ἥδιστον
596 2230 768 2283 φθέγμα.

332 2342 361 2366 e.
380 2342 414 2377 (J-
463 2351 473 2361 .
1101 2307 1427 2376 παρθένοισι

377 2382 382 2451 Ι
452 2381 907 2452 μελλιχοφώναις
924 2382 946 2413 3

178 2518 193 2542 1
221 2518 343 2571 perh.
367 2517 574 2557 imitated
594 2518 653 2570 by
674 2517 785 2557 Bion
810 2520 842 2557 l.
870 2520 922 2556 44
1037 2515 1053 2540 ²
1082 2518 1144 2556 E:
1178 2529 1265 2555 mss
1288 2524 1428 2567 -φωνοι
1538 2515 1556 2540 ³
1583 2528 1631 2554 so

124 2575 185 2613 E:
220 2574 299 2612 Ar.
320 2572 440 2624 prob.
468 2572 605 2611 found
625 2572 703 2612 the
724 2585 842 2612 more
869 2572 1006 2624 easily
1029 2570 1299 2623 corruptible
1328 2578 1557 2621 μελλιχοφ.
1584 2570 1630 2608 in

123 2628 191 2667 his
211 2640 322 2679 copy
343 2626 388 2666 of
418 2626 529 2667 Phil.

128 2721 223 2752 200
