1704 2937
715 197 901 244 LYRA
952 197 1229 243 GRAECA

921 328 1013 373 109

275 418 402 457 Paus.
434 421 470 457 8.
509 419 568 456 18.
601 419 626 455 5
656 418 714 466 [π.
741 413 931 466 Στυγός]·
975 415 1160 469 κεράτινα
1191 414 1232 454 δὲ
1265 415 1328 454 καὶ
1360 412 1538 464 ὀστέινα,
1563 414 1702 467 σίδηρό

219 490 264 511 τε
287 474 350 512 καὶ
373 474 545 521 χαλκὸς,
571 472 630 511 ἔτι
653 471 694 510 δὲ
715 472 912 521 μόλιβδος
933 473 997 510 καὶ
1021 471 1261 522 κασσίτερος
1287 471 1350 509 καὶ
1379 471 1552 523 ἄργυρος
1581 472 1645 510 καὶ
1674 487 1700 509 τ

217 530 418 578 ἤλεκτρον
440 529 514 566 ὑπὸ
534 528 681 566 τούτου
707 526 880 572 σήπεται
901 527 973 564 τοῦ
1002 528 1158 566 ὕδατος·
1176 526 1239 564 τὸ
1269 523 1313 563 δὲ
1343 527 1442 565 αὐτὸ
1469 524 1692 575 μετάλλοις

215 585 300 622 τοῖς
335 586 435 622 πᾶσι
471 582 534 621 καὶ
575 585 594 620 6
631 585 783 633 χρυσὸς
822 579 1007 620 πέπονθε·
1041 579 1172 620 καίτοι
1209 596 1259 631 ’γε
1295 580 1526 632 καθαρεύειν
1556 596 1606 631 γε
1646 582 1704 620 τὸ]

216 639 373 686 χρυσὸν
394 653 467 676 του
489 638 548 676 ιὀῦ
570 637 630 683 2ἥ
651 653 698 675 τε
718 636 903 688 ποιητρία
921 636 1074 688 μάρτυς
1096 635 1246 675 ἐστὶν“
1228 652 1253 683 η
1276 634 1429 681 Λεσβιά
1457 635 1521 674 καὶ
1551 635 1673 676 αὐτὸς
1701 656 1704 670 ⁴

216 695 370 742 χρυσὸς
387 693 666 731 ἐπιδείκνυσιν.
707 691 829 731 ἔδωκε
846 695 879 730 δ
893 690 966 741 ἄρα
983 694 1001 730 6
1020 692 1105 731 θεὸς
1123 693 1209 730 τοῖς
1224 689 1407 740 μάλιστα
1422 687 1701 742 ἀπερριμμένοι

218 751 356 797 κρατεῖ
358 764 378 786 ν
397 751 478 786 τῶν
501 744 780 798 ὑπερηρκότων
798 749 847 799 τῇ
871 745 975 798 δόξῃ.

505 856 587 893 ὣς,
631 822 863 890 κόθαρος
891 821 997 891 Γγὰρ
1026 821 1051 874 6
1081 826 1288 895 χρῦσος
1319 822 1426 875 ἴω.3

933 1004 1024 1052 110

274 1090 372 1131 Seh.
405 1091 531 1131 Pind.
568 1093 613 1130 P.
649 1093 686 1130 4.
722 1092 803 1131 410
832 1091 1021 1143 [ἄφθιτον
1061 1089 1306 1141 στρωμνάν]·
1349 1090 1519 1142 ἄφθιτον
1553 1089 1596 1130 δὲ
1627 1093 1702 1131 αὐτ

218 1146 304 1185 εἶπε
336 1148 432 1187 καθὸ
463 1148 642 1198 χρυσοῦν
672 1147 733 1194 ἦν·
766 1149 786 1185 6
815 1147 857 1186 δὲ
885 1147 1038 1197 χρυσὸς
1069 1145 1283 1197 ἄφθαρτος·
1317 1147 1381 1186 καὶ
1413 1146 1436 1194 ἦ
1467 1147 1617 1197 Σαπφὼ
1648 1146 1704 1185 ὅτι

219 1203 313 1242 Διὸς
334 1205 425 1242 παῖς
448 1204 466 1240 6
489 1201 656 1253 χρυσός,
683 1204 814 1241 κεῖνον
835 1203 879 1241 οὐ
901 1203 976 1248 σὴς
997 1200 1087 1239 οὐδὲ
1110 1201 1170 1240 κὶς
1192 1199 1345 1248 δάπτει,
1363 1203 1539 1252 βροτεᾶν
1564 1201 1704 1253 Τφρένι

217 1257 435 1309 κράτιστον
456 1258 655 1308 φρενῶν.·Ῑ“

388 1364 471 1398 aq,
517 1332 646 1389 Διὸς
672 1331 777 1402 Γγὰρ
806 1331 935 1388 πάϊς
964 1329 1075 1385 ἐστ’
1107 1329 1133 1383 6
1159 1330 1382 1402 χρύσος·

522 1431 684 1493 κῆνον
711 1426 774 1478 οὐ
804 1424 921 1482 σέες
944 1424 1065 1477 οὐδὲ
1093 1428 1175 1481 κῖς

522 1497 905 1565 δαρδάπτοισ’·
948 1497 974 1550 6
1004 1496 1059 1550 δὲ
1086 1497 1358 1565 δάμναται

521 1572 614 1624 καὶ
644 1570 854 1640 φρένων
882 1569 1122 1640 ,Βροτέαν
1149 1569 1490 1638 κράτιστον.4

1003 1812 1013 1832 Ι

953 1826 996 1878 ‘3

935 1923 1022 1969 111

280 2010 423 2063 Heph.
451 2012 502 2053 70
534 2011 589 2061 [π.
618 2011 776 2050 ι’ωνικοῦ
803 2012 875 2050 τοῦ
898 2010 975 2049 ἀπὸ
995 2008 1206 2060 μείζονος]
1241 2009 1368 2049 ἐνίοτε
1391 2014 1432 2050 δὲ
1456 2012 1636 2062 ἐναλλὰξ
1654 2012 1704 2051 τὰ

227 2067 382 2106 ἶωνικὰς
412 2070 501 2106 ταῖς
530 2068 768 2117 τροχαῖκαῒς
796 2064 1196 2117 παραλαμβάνουσιν,
1227 2064 1317 2104 ἀντὶ
1347 2065 1423 2115 μὲν
1450 2069 1532 2105 τῶν
1562 2065 1702 2106 ἲωνικῶ

225 2122 308 2160 ἔσθ’
340 2122 408 2160 ὅτε
443 2121 515 2160 τὰς
549 2118 734 2171 δευτέρας
766 2121 980 2159 παιωνικὰς
1009 2118 1408 2171 παραλαμβάνοντες,
1441 2119 1530 2160 ἀντὶ
1568 2121 1612 2160 δὲ
1645 2125 1702 2160 τῶ

226 2175 436 2226 ἑξασήμων
457 2178 686 2226 τροχαῖκῶν
707 2175 789 2213 ἔσθ’
813 2175 881 2214 ὅτε
902 2175 974 2214 τὰς
999 2175 1256 2223 ἑπτασήμους
1276 2174 1512 2226 τροχαΐκάς,
1537 2175 1633 2215 οἷον·

282 2314 295 2336 1
326 2327 412 2353 mss
435 2315 476 2352 ἐν
495 2331 534 2362 μ.
632 2313 648 2336 ²
679 2314 742 2352 E:
773 2326 860 2352 mss
882 2313 956 2352 ὑπὸ
977 2315 1049 2351 τοῦ
1073 2313 1132 2352 ἰοῦ
1226 2312 1243 2336 ³
1270 2317 1410 2352 mebre
1429 2313 1485 2353 ef.
1506 2313 1654 2366 Heph.
1674 2314 1704 2354 3.

230 2370 243 2393 4
274 2367 326 2415 E,
365 2368 418 2407 ef.
459 2368 556 2408 Sch.
598 2367 702 2406 Hes.
742 2367 909 2406 below:
959 2369 1180 2407 κΐςτ-κῖες
1216 2366 1268 2406 cf.
1308 2366 1426 2408 πόλῖς
1461 2367 1582 2408 Hfm.
1617 2369 1694 2407 541

229 2421 352 2474 φρένα
390 2423 552 2474 incorp.
588 2422 830 2461 correct-ion
870 2421 916 2460 of
954 2420 1117 2473 φρένων,
1157 2419 1331 2472 βροτέαν
1369 2422 1498 2475 being
1535 2422 1704 2474 though

228 2490 402 2516 aecus.:
439 2490 526 2516 mss
556 2476 697 2516 δάπτει
727 2476 812 2515 due
841 2480 889 2515 to
920 2480 979 2517 κΐς
1016 2476 1145 2528 being
1178 2475 1370 2529 thought,
1407 2476 1547 2529 sing.:
1587 2481 1702 2516 metr

229 2532 283 2571 cf.
312 2532 415 2571 109:
447 2544 564 2570 some
585 2530 682 2570 edd.
707 2530 947 2583 supposing
973 2531 1357 2583 Sappho-citssation
1381 2530 1472 2570 lost
1499 2530 1586 2570 and
1616 2543 1704 2570 com

228 2586 384 2638 paring
415 2585 514 2625 Sch.
537 2585 641 2626 Hes.
672 2586 745 2636 Op.
770 2585 850 2625 428
873 2587 1011 2633 (τοῦτο
1041 2586 1105 2625 καὶ
1133 2585 1326 2638 Πίνδαρον
1345 2586 1449 2626 οὕτω
1478 2588 1621 2626 καλεῖν
1637 2601 1704 2638 περ

233 2665 327 2708 260
