1704 2937
646 197 832 242 LYRA
882 197 1162 243 GRAECA

149 329 410 399 πάνδρου·
443 329 640 385 ἐκεῖνος
668 331 800 394 (γοῦν
828 328 949 383 τοὺς
979 326 1367 397 κιθαρῳδικοὺς
1395 330 1608 396 πρῶτος
1630 328 1652 361 1

150 401 415 469 ὠνόμασε,
431 400 691 454 Βοιώτιόν
706 423 828 452 τινα
847 401 1174 453 καὶΑἰόλιον
1190 399 1465 472 Τροχαῖόν
1481 423 1540 453 τε
1556 401 1653 454 καὶ

145 474 315 544 Ὀξὺν
339 474 605 539 Κηπίωνά
635 497 692 526 τε
721 473 812 525 καὶ
839 472 1239 560 Τερπάνδρειον
1266 476 1471 533 καλῶν,
1495 473 1650 526 ἀλλὰ

145 549 252 616 μὴν
272 549 366 601 καὶ
385 546 748 616 Τετραοίδιον.
815 546 1112 611 πεποίηται
1140 545 1196 598 δὲ
1224 550 1298 615 τῷ
1318 545 1651 634 Τερπάνδρῳ

145 622 241 674 καὶ
292 621 582 707 προοίμια
604 618 939 687 κιθαρωδικὰ
992 620 1046 671 ἐν
1092 618 1301 671 ἔπεσιν.
1377 618 1463 670 ὅτι
1514 616 1651 671 δὀἱ

144 692 500 763 κιθαοῳδικοὶ
526 690 679 759 νόμοι
715 692 766 744 οἱ
801 692 982 744 πάλαι
1022 693 1082 759 ἐξ
1118 693 1264 744 ἐπῶν
1293 690 1647 752 συνίσταντο,

145 766 404 835 Τιμόθεος
445 766 705 831 ἐδήλωσε·
736 764 858 821 τοὺς
897 768 1029 831 «γοῦν
1070 764 1319 831 πρώτους
1358 762 1553 831 νόμους
1592 766 1648 818 ἐν

147 840 308 892 ἔπεσι
342 837 670 907 διαμιγνύων
700 835 1103 907 διθυραμβικὴν
1143 836 1297 904 λέξιν
1322 835 1526 904 ᾗδεν,“
1496 859 1648 894 οπως

146 912 220 981 μὴ
249 908 404 968 εὐθὺς
434 915 579 980 φανῇ
610 913 941 979 παρανομῶν
968 909 1041 965 εἷς
1068 908 1165 976 τὴν
1188 909 1429 1000 ἀρχαίαν
1455 931 1647 976 μουσι-

149 986 264 1051 κη’ν.
342 985 482 1037 ἔοικε
511 984 564 1036 δὲ
602 983 744 1035 κατὰ
779 1006 878 1049 την
914 982 1111 1053 τέχνην
1147 981 1246 1048 τὴν
1281 982 1650 1052 κιθαρῳδικὴν

147 1056 173 1110 ὁ
201 1056 548 1126 Τέρπανδρος
577 1055 961 1126 διενηνοχέναι·
995 1055 1063 1107 τὰ
1093 1054 1280 1107 Πύθια
1311 1053 1419 1124 «γὰρ
1459 1056 1648 1124 τετρά-

144 1154 224 1187 κις
297 1131 416 1196 ἑξης
487 1128 776 1192 νενικηκὼς
839 1127 1280 1198 αναΎέΎραπται.
1370 1127 1462 1180 καὶ
1536 1132 1648 1184 τοῖς

141 1202 378 1292 χρονοις
412 1202 467 1254 δὲ
519 1200 737 1270 σφόδρα
790 1199 1031 1257 παλαιός
1083 1200 1222 1252 ε’στι·
1267 1199 1648 1268 πρεσβύτερον

141 1280 272 1343 «γοῦν
316 1275 482 1328 αυτὸν
510 1273 856 1362 Αρχιλὸχου
893 1272 1194 1342 ἀποφαίνει
1235 1274 1486 1329 Γλαῦκος
1523 1272 1549 1325 ὁ
1589 1275 1651 1342 ἐξ

142 1347 389 1404 Ἰταλιας
447 1350 500 1401 ἐν
557 1345 956 1416 συγγραμματί
1023 1369 1144 1406 τινι,
1198 1350 1274 1414 τῷ
1340 1346 1477 1416 Περὶ
1541 1349 1650 1399 τῶν

133 1423 144 1440 ’
158 1420 422 1491 Αρχαίων
463 1422 718 1485 Ποιητῶν
767 1441 824 1471 τε
865 1419 959 1471 καὶ
999 1400 1322 1471 Μουσικῶν·
1364 1418 1506 1488 φησὶ
1537 1418 1643 1490 «γὰρ

140 1494 306 1548 αὐτὸν
372 1493 620 1562 δεύτερον
682 1492 941 1560 «γενέσθαι
1004 1490 1143 1559 μετὰ
1207 1490 1330 1547 τοὺς
1395 1491 1647 1561 πρώτους

139 1567 488 1633 ποιήσαντας
514 1565 862 1631 αὑλητικην.2

213 1649 577 1718 Ἀλέξανδρος
643 1647 687 1698 δ’
739 1650 792 1700 ἐν
856 1670 922 1715 τῃ
986 1646 1292 1716 ΣυναὙωνγῇ
1352 1649 1459 1699 τῶν
1521 1646 1649 1717 περὶ

140 1722 385 1793 Φρυγιας
435 1721 723 1790 κρούματα
769 1720 1072 1809 Ὀλυμπον
1125 1719 1228 1790 ἔφη
1291 1722 1513 1789 πρῶτον
1572 1719 1646 1776 εἰς

141 1819 264 1852 τους
292 1796 578 1859 Ελληνας
620 1791 864 1860 κομίσαι,
904 1796 982 1844 ἑτι
1026 1791 1081 1844 δὲ
1124 1792 1217 1844 καὶ
1259 1791 1382 1848 τοὺς
1414 1790 1645 1849 Ἰδαίους

142 1868 482 1922 Δακτύλους
507 1866 688 1933 Ταγι
694 1888 744 1917 ιν
776 1865 830 1917 06
866 1868 1087 1956 πρῶτον
1115 1865 1377 1930 αὐλησαι,
1405 1864 1523 1917 εἶτα
1552 1863 1647 1918 τὸν

140 1941 334 1995 τούτου
365 1940 476 1993 υιὸν
513 1938 811 2008 Μαρσύαι,
844 1935 937 1989 εἰτ’
969 1937 1282 2004 ”Ολυμπον·
1311 1937 1644 2002 ἐζηλωκέναι

140 2015 195 2067 δὲ
236 2013 328 2066 τὸν
367 2011 717 2101 Τέρπανδρον
741 2009 986 2077 Ομηρου
1017 2009 1115 2077 μὲν
1147 2009 1216 2061 τὰ
1243 2008 1365 2074 ἔπη,
1393 2007 1644 2079 Ὀρφέως

140 2087 195 2139 δὲ
260 2086 327 2138 τὰ
391 2085 547 2175 μέλη.
640 2082 666 2136 ὁ
724 2082 767 2134 δ’
825 2083 1063 2153 Ὀρφεύς
1126 2081 1322 2134 οὐδένα
1388 2081 1642 2150 φαίνεται

139 2158 519 2228 μεμιμημένος·
564 2198 574 2209 .
618 2198 628 2208 .
675 2197 684 2207 .
728 2155 878 2210 τινὰς
931 2155 986 2206 δὲ
1037 2158 1143 2207 τῶν
1187 2152 1361 2218 νόμων
1406 2157 1514 2206 τῶν
1564 2177 1642 2208 κι-

140 2231 457 2301 θαρῳδικῶν
514 2233 621 2282 τῶν
676 2229 782 2281 ὑπὸ
843 2226 1194 2297 Ἱερπανδρου
1258 2226 1641 2294 πεποιημένων

141 2303 489 2371 Φιλάμμωνά
565 2307 707 2372 φασι
782 2300 875 2353 τὸν
951 2301 1184 2372 ἀρχαῖον
1259 2299 1353 2351 τὸν
1421 2298 1643 2366 Δελφὸν
1702 2330 1704 2333 <

139 2376 555 2443 συστήσασθαμ

213 2460 274 2512 τὸ
317 2457 518 2510 ἅὸλον
562 2460 588 2523 ἡ
629 2457 724 2521 μὲν
763 2454 905 2507 κατὰ
947 2453 1296 2524 Τέρπανδρον
1335 2453 1640 2524 κιθαρῳδία

142 2534 235 2585 καὶ
271 2530 435 2603 μέχρι
466 2535 560 2595 τῆς
601 2527 866 2598 Φρύνιδος
905 2526 1121 2594 ηλικίας
1160 2529 1445 2584 παντελῶς
1485 2528 1643 2595 ἁπλῆ

141 2628 222 2662 τις
251 2605 393 2656 οὖσα
427 2601 670 2655 διετέλει·
701 2602 762 2654 οὐ
801 2599 907 2670 «γὰρ
947 2601 1070 2668 ἐξῆν
1109 2598 1170 2652 τὸ
1212 2597 1460 2655 παλαιὸν
1497 2600 1640 2654 οὕτω

140 2716 197 2745 22
