1704 2937
654 250 840 296 LYRA
891 251 1170 298 GRAECA

218 377 454 473 ’Έλθετε
519 376 654 449 πρὸς
720 379 935 449 τέμενος
999 379 1337 450 ταυρώπιδος
1360 382 1381 415 1
1443 381 1656 450 ἀγλαὸν

391 453 442 503 Η
482 474 559 516 ης,

299 473 587 590 Λεσβῖδες,
616 524 768 595 ἁβρὰ
795 525 979 579 ποδῶν
1004 526 1213 595 βημαθ
1243 526 1617 596 ἑλισσόμεναι,

227 596 357 650 ἔνθα
413 596 591 650 καλὸν
643 598 924 666 στήσεσθε
942 600 963 631 2
1029 601 1123 670 θεῇ
1183 599 1371 671 χόρον
1425 601 1559 670 ὔμμι
1612 600 1654 653 δ’

373 669 608 740 ἁπάρξει

301 737 519 813 Σαπφὼ
545 744 810 814 χρυσείην
837 745 1035 816 χερσὶν
1061 745 1276 816 ἔχουσα
1304 745 1493 816 λύρην.

227 816 422 879 ὄλβιαι
451 815 734 887 ὀρχηθμοῦ
760 818 1124 886 πολυγηθέος
1166 819 1198 884 ἠ
1223 820 1435 887 γλυκὺν
1464 819 1628 886 ὕμνον

300 888 527 942 εἰσαιέιν
555 890 722 957 αὐτῆς
751 889 935 959 δόξετε
963 891 1312 958 Καλλιόπηης

228 988 328 1035 Jul.
358 988 448 1052 Ep.
480 988 542 1034 30
615 982 882 1053 Ἀλυπίῳ·
923 982 1025 1050 ἤδη
1063 984 1160 1051 μὲν
1187 984 1492 1055 ἐτύγχανον
1518 982 1654 1036 ἀνει-

153 1053 306 1122 μένος
336 1078 428 1123 της
457 1054 640 1116 νόσου,
670 1055 766 1122 τὴν
793 1037 1193 1128 γεωγραφίαν
1176 1057 1265 1110 ότε
1296 1056 1654 1112 ἀπέστειλας·

155 1128 216 1180 οὐ
266 1151 372 1196 μην
423 1128 659 1182 ἔλαττον
710 1127 798 1182 διὰ
848 1134 1010 1183 τοῦτο
1063 1129 1227 1221 ἡδέως
1281 1129 1544 1198 ἐδεξάμην
1594 1129 1655 1182 τὸ

154 1201 307 1270 παρὰ
337 1224 437 1254 σου
465 1201 719 1255 πινάκιον
747 1202 1088 1257 ἀποσταλέν.
1167 1224 1283 1274 εχει
1321 1201 1430 1289 γὰρ
1466 1202 1559 1255 καὶ
1587 1200 1656 1254 τὰ

155 1272 548 1343 διαγράμματα
587 1278 693 1327 τῶν
731 1274 974 1345 πρόσθεν
1011 1276 1238 1339 βελτίω,
1268 1275 1362 1328 καὶ
1392 1296 1655 1343 κατεμον-

154 1346 345 1404 σώσας
387 1346 521 1400 αὐτὸ
571 1347 830 1415 προσθεὶς
876 1371 999 1405 τους
1053 1349 1306 1438 ἰάμβους,
1350 1349 1413 1400 οὐ
1463 1347 1653 1419 μάχην

152 1418 435 1478 ἀείδοντας
477 1419 575 1486 τὴν
618 1422 968 1474 Βουπάλειον
1008 1421 1152 1474 κατὰ
1198 1444 1289 1474 τον
1345 1423 1655 1490 Κυρηναῖον

151 1492 400 1558 ποιητὴν,
432 1492 560 1545 ἀλλ’
589 1515 731 1550 οιους
757 1495 789 1560 ἡ
818 1493 963 1561 καλὴ
992 1497 1211 1564 ..απφῶ
1237 1493 1510 1557 βούλεται
1543 1497 1655 1549 τοῖς

151 1565 331 1633 νόμοις
359 1565 663 1636 ἁρμόττειν.

226 1657 364 1713 Pausss
397 1668 440 1712 1.
469 1668 543 1713 25.
578 1668 597 1712 1
642 1704 650 1713 .
693 1703 701 1712 .
744 1704 752 1713 .
829 1660 1135 1730 Ἀνακρέων
1174 1659 1199 1713 ὁ
1229 1660 1407 1727 Τήϊος,
1437 1663 1652 1731 πρῶτος

146 1733 286 1802 μετὰ
313 1730 531 1804 Σαπφὼ
571 1733 669 1801 τὴν
696 1732 952 1798 Λεσβίαν
992 1733 1061 1787 τὰ
1089 1733 1281 1787 πολλὰ
1309 1734 1380 1787 ὧν
1408 1733 1654 1804 ἔγραψεν

148 1806 381 1876 ἐρωτικὰ
410 1808 668 1873 ποιήσας.

220 1908 340 1954 Ath.
374 1909 446 1954 13.
477 1908 618 1954 605e
695 1901 850 1970 κάγὼ
884 1901 941 1954 δὲ
977 1899 1120 1954 κατὰ
1153 1899 1252 1967 τὴν
1282 1899 1651 1971 Ἐπικράτους·

149 1975 475 2028 Ἀντιλαίδα

221 2047 476 2118 τιιρωτίκ’
505 2048 856 2116 ἐκμεμάθηκα
886 2047 1070 2100 πάντα
1089 2050 1109 2080 3
1137 2049 1425 2103 παντελῶς

221 2121 504 2191 Σαπφοῦς,
534 2122 818 2188 Mem-rou,
851 2119 1098 2187 Κλεομει
1104 2141 1209 2179 ους
1238 2116 1575 2187 Λαμυνθίου.

217 2221 448 2268 Ibid.1.4
474 2223 614 2268 639a
686 2213 979 2301 Κλέαρχος
1024 2212 1078 2265 δὲ
1121 2213 1176 2265 ἐν
1218 2211 1448 2281 δευτέρῳ
1485 2210 1648 2303 Ἐρω-

144 2292 310 2342 τικῶν
349 2288 416 2342 τὰ
445 2290 678 2360 ἐρωτικά
718 2293 890 2357 φησιν
920 2308 1146 2358 ασματα
1179 2285 1276 2338 καὶ
1304 2284 1373 2337 τὰ
1399 2282 1648 2353 Λοκρικὰ

145 2361 458 2430 καλούμενα
501 2361 653 2415 οὐδὲν
692 2363 799 2415 τῶν
838 2359 1104 2429 Σαπφοῦς
1132 2358 1225 2410 καὶ
1253 2355 1644 2428 Ἀνακρέοντος

145 2433 435 2505 διαφέρειν.

195 2601 211 2626 ¹
242 2600 383 2640 Heek.
406 2600 461 2640 cf.
485 2599 629 2641 Noun.
655 2601 693 2640 9.
725 2600 776 2640 68
797 2616 804 2639 ;
837 2612 923 2637 mss
943 2599 1154 2649 γλαυκώπ.
1282 2596 1298 2620 ²
1330 2609 1415 2636 mss
1436 2594 1646 2642 στήσασθε

141 2655 158 2679 ³
188 2669 275 2695 mss
302 2658 431 2696 ταῦτα

148 2735 239 2791 176
