1704 2937
673 236 857 287 LYRA
907 201 1186 289 GRAECA

917 374 947 421 3

229 469 347 509 Men.
379 471 544 509 Encom.
579 472 656 510 Jelz.
687 472 757 510 ἄν.
789 473 825 511 9.
859 473 935 511 149
965 471 1092 511 Walz
1121 473 1180 522 [π.
1215 473 1547 522 γενεαλογικῶν]·
1579 471 1678 512 ἀλλ’

173 536 257 574 ἐπεὶ
281 536 442 587 εὕρηται
463 535 527 574 καὶ
548 537 669 575 τοῦτο
692 537 741 575 τὸ
765 536 868 576 εἶδος
893 540 975 575 τῶν
999 538 1129 586 ὕμνων
1157 537 1261 589 παρὰ
1288 539 1373 577 τοῖς
1401 536 1584 587 ἀρχαίοις
1613 538 1677 577 καὶ

174 602 250 647 ἤδη
271 599 378 639 τινὲς
399 602 461 639 καὶ
484 599 679 641 Διονύσου
700 601 820 651 γονὰς
843 603 1023 650 ὕμνησαν
1044 602 1106 641 καὶ
1128 602 1387 641 Ἀπόλλωνος
1406 602 1529 652 γονὰς
1551 601 1679 655 ἕτεροι

176 665 239 704 καὶ
279 668 467 706 Ἀλκαῖος
510 668 678 713 <καὶ>
719 667 944 718 Ἡφαίστου
984 668 1047 706 καὶ
1091 667 1215 707 πάλιν
1254 668 1410 718 Ἑρμοῦ,
1454 667 1518 707 καὶ
1564 661 1678 707 τοῦτ’

175 731 486 781 ἀποτετμήμεθα
505 733 552 771 τὸ
572 731 690 783 μέρος
712 761 721 769 .
754 761 764 770 .
796 762 805 770 .
831 732 920 771 ἔστι
942 732 983 771 δὲ
999 736 1143 786 ποιητῇ
1162 731 1266 782 μὲν1
1286 734 1369 772 καθ’
1387 731 1538 771 αὑτὸν2
1556 733 1679 781 μόνον

172 797 220 835 τὸ
241 796 344 835 εἶδος
364 795 579 847 χρήσιμον,
606 799 839 848 συγγραφεῖ
858 796 900 836 δὲ
923 796 1126 837 οὐδέποτε.
1185 800 1205 837 6
1225 796 1300 847 μὲν
1320 797 1398 849 γὰρ
1418 798 1482 837 καὶ
1504 796 1680 848 Χάριτας

171 861 434 911 μαιευομένας
455 863 518 900 καὶ
531 861 656 914 (Ὠρας
679 860 979 912 ὑποδεχομένας
1000 863 1128 903 καὶτὰ
1148 865 1315 902 τοιαῦτα
1334 862 1686 915 πραγματεύεται,,

174 930 193 965 6
217 929 250 966 δ’
272 928 333 965 ἐπ’
355 926 534 977 ἀνάγκης
556 928 617 967 ὅτι
638 926 880 978 βραχύτατα
902 929 993 978 ε’ρεῖ.

919 1104 949 1151 4

229 1199 356 1240 Paus.
383 1201 419 1242 7.
444 1201 507 1240 20.
534 1201 559 1239 2
607 1201 726 1246 βουσὶ
747 1202 825 1252 γὰρ
846 1199 1003 1252 χαίρειν
1023 1199 1208 1251 μάλιστα
1228 1199 1470 1240 Ἀπόλλωνα
1490 1200 1680 1241 Ἀλκαῖός

173 1283 218 1306 τε
243 1266 451 1313 ἐδήλωσεν
485 1267 527 1304 ἐν
560 1266 666 1316 ὕμνῳ
699 1270 758 1317 τῷ
792 1266 848 1305 εἷς
880 1268 1037 1317 Ἑρμῆν,
1073 1264 1232 1317 γράψας
1263 1268 1313 1306 ὣς
1346 1269 1365 1305 ὁ
1401 1268 1546 1318 Ἐρμῆς
1580 1268 1678 1312 βοῦς

177 1329 369 1383 ὑφέλοιτο
389 1333 461 1371 τοῦ
482 1329 755 1372 Ἀπόλλωνος.

229 1450 389 1503 Porph.
414 1450 520 1490 Hor.
552 1452 622 1490 Od.
654 1452 687 1490 1.
717 1451 778 1490 10.
808 1451 826 1488 l
851 1451 883 1499 [‘
899 1449 1092 1489 Mercuri
1113 1449 1301 1490 facunde
1322 1463 1457 1503 nepos
1478 1450 1678 1491 Atlantis

222 1548 229 1556 .
266 1516 313 1564 .’]
332 1532 339 1554 :
371 1515 576 1567 Hymnus
598 1519 665 1554 est
686 1515 730 1553 in
753 1514 1022 1554 Mercurium
1045 1513 1100 1553 ab
1121 1514 1284 1554 Alcaeo
1303 1515 1442 1568 lyrico
1461 1520 1606 1568 poeta.

230 1637 295 1677 Id.
335 1639 367 1678 1.
407 1639 467 1677 10.
504 1638 528 1677 9
561 1639 650 1685 (‘te
681 1636 813 1676 boves
843 1637 947 1676 olim
982 1637 1068 1675 nisi
1099 1635 1365 1676 reddidisses
1390 1636 1395 1688 Ι
1421 1649 1500 1688 per
1528 1635 1680 1677 dolum

175 1708 358 1752 amotas,
381 1716 564 1755 puerum
588 1702 746 1741 minaei
772 1702 776 1753 Ι
804 1715 908 1741 voce
929 1701 1033 1741 dum
1064 1706 1218 1750 terret,
1245 1701 1405 1742 viduus
1437 1701 1648 1754 pharetra,
1673 1710 1679 1760 Ι

175 1769 274 1807 risit
306 1768 466 1820 Apollo
480 1767 534 1817 '):
569 1799 578 1808 .
614 1799 623 1808 .
663 1798 671 1806 .
704 1767 855 1806 fabula
891 1767 996 1806 haee
1030 1771 1179 1806 autem
1216 1765 1272 1806 ab
1302 1766 1465 1806 Alcaeo
1498 1765 1602 1807 fieta.
1636 1772 1683 1808 et

176 1835 338 1873 iterum
376 1833 623 1872 Mercurius
663 1832 826 1872 idcirco
866 1833 1062 1872 traditur
1099 1831 1279 1871 furandi
1322 1836 1532 1884 repertor,
1576 1833 1682 1884 quia

176 1900 332 1947 oratio,
358 1899 481 1938 cuius
503 1899 707 1937 inventor
728 1904 808 1946 est,
833 1898 1000 1937 animos
1021 1896 1298 1937 audientium
1318 1895 1449 1937 fallit.

233 2017 328 2057 Sch.
366 2019 419 2057 Il.
459 2018 520 2058 15.
554 2018 633 2056 256
663 2016 922 2066 [Ἀπόλλωνα
954 2015 1215 2070 χρυσάορον]·
1257 2019 1401 2067 Ἑρμῆς
1439 2019 1459 2056 6
1491 2018 1587 2058 Διὸς
1617 2019 1680 2058 καὶ

180 2083 308 2122 Μαίας
346 2084 421 2127 τῆς
453 2081 682 2121 ’Ἄτλαντος
722 2081 810 2133 εὗρε
852 2081 990 2132 λύραν,
1036 2083 1100 2121 καὶ
1147 2082 1243 2122 τοὺς
1280 2080 1539 2122 ’Λπόλλωνος
1581 2081 1683 2127 βόας

178 2146 330 2196 κλέψας
352 2145 490 2199 εὑρέθη
514 2148 588 2186 ὑπὸ
607 2149 680 2185 τοῦ
702 2149 790 2185 θεοῦ
812 2148 873 2186 διὰ
893 2148 968 2193 τῆς
991 2149 1197 2195 μαντικῆς.
1261 2147 1524 2188 ἀπειλοῦντος
1546 2147 1588 2187 δὲ
1607 2150 1681 2187 τοῦ

177 2212 438 2252 Ἀπόλλωνος
464 2212 638 2263 ἔκλεψεν
659 2214 779 2252 αὐτοῦ
808 2213 871 2252 καὶ
903 2213 954 2251 τὸ.
987 2213 1049 2251 ἐπὶ
1078 2215 1160 2250 τῶν
1189 2213 1304 2261 ὤμων
1332 2212 1441 2264 τόξα·
1472 2211 1682 2262 μειδιάσας

179 2278 219 2317 δὲ
251 2282 271 2317 6
303 2280 390 2318 θεὸς
421 2279 568 2317 ἔδωκεν
597 2279 704 2328 αὐτῷ
732 2279 807 2325 τὴν
835 2277 1031 2327 μαντικὴν
1061 2275 1221 2328 ῥάβδον,
1247 2276 1315 2328 ἀφ’
1336 2276 1384 2325 ἧς
1413 2277 1477 2318 καὶ
1506 2275 1679 2330 χρυσόρ·

177 2359 292 2394 ραπις
322 2346 341 2381 6
374 2346 518 2407 Ἑρμῆς
555 2343 873 2395 προσηγορεύθη·
909 2343 1035 2388 ἔλαβε
1079 2341 1122 2382 δὲ
1162 2345 1251 2393 παρ’
1291 2345 1412 2383 αὐτοῦ
1451 2344 1527 2390 τὴν
1555 2343 1681 2395 λύραν

179 2410 268 2447 ὅθεν
290 2408 352 2448 καὶ
374 2423 563 2461 χρυσαωρ
585 2408 796 2458 ὠνομάσθη
817 2410 895 2448 ἀπὸ
916 2410 989 2447 τοῦ
1009 2409 1083 2455 τῆς
1103 2406 1299 2458 κιθάρας’
1283 2410 1488 2460 αορτῆρος.
1495 2407 1512 2432 ³

228 2568 245 2593 1
274 2581 360 2608 mss
391 2570 440 2608 ὧς
471 2585 510 2607 π.
539 2586 578 2618 μ.
605 2569 732 2618 (from
758 2569 973 2621 marginal
1003 2569 1247 2609 correction
1268 2567 1313 2607 of
1338 2567 1544 2620 previous
1570 2567 1677 2620 line)

179 2623 195 2647 2
224 2624 290 2664 E:
322 2636 409 2662 mss
430 2625 528 2662 αὑτὸ
657 2624 673 2648 ³
705 2637 774 2663 see
795 2638 836 2676 p.
863 2624 942 2664 324

182 2716 274 2761 322
