1704 2937
649 235 831 281 LYRA
883 235 1163 283 GRAECA

202 451 318 490 Plut.
360 452 436 498 Qu.
476 453 595 492 Conv.
636 453 671 491 3.
714 453 776 491 10.
814 454 839 491 3
875 455 1117 502 δροσοβολεῖ
1147 454 1226 504 γὰρ
1259 456 1348 494 ταῖς
1378 453 1651 501 πανσελήνοις

146 505 327 554 μάλιστα
359 505 642 555 διατηκόμενος
680 508 716 555 (ὃ
754 507 860 558 ἀήρ),
887 509 938 546 ὥς
970 524 1045 546 που
1077 508 1140 547 καὶ
1168 509 1348 558 Ἀλκμὰν
1381 511 1401 548 ὁ
1432 511 1651 559 μελοποιὸς

146 559 420 610 αἰνιττόμενος
440 563 516 608 τὴν
537 561 680 613 δρόσον
701 562 814 613 ἀέρος
836 562 1037 614 θυγατέρα
1057 564 1120 602 καὶ
1145 562 1338 610 σελήνης·

435 657 526 710 οἷα
553 656 682 714 Διὸς
711 658 956 727 θυγάτηρ

435 730 572 799 ἔρσα
600 730 784 801 τρέφει
811 731 905 784 καὶ
934 731 1052 788 δίας
1081 729 1326 790 Σελάνας
1347 733 1365 763 1

868 942 929 988 49

198 1031 303 1071 Nat.
357 1030 475 1071 Com.
528 1031 661 1081 Mysia.
706 1032 741 1070 3.
786 1031 865 1069 255
914 1029 1103 1078 Quidam
1149 1029 1433 1070 tradiderunt,
1481 1030 1650 1071 Lunam

138 1086 272 1125 fuisse
319 1099 500 1125 uxorem
539 1086 681 1133 Aeris,
724 1099 746 1124 e
784 1099 871 1137 quo
916 1085 1077 1124 Rorem
1124 1084 1264 1124 filium
1302 1087 1553 1138 conceperib
1600 1092 1647 1126 et·

146 1142 360 1192 genuerit,
385 1146 435 1180 ut
456 1142 520 1179 ait
541 1140 725 1192 Alcman
746 1140 927 1178 melicus
948 1141 991 1179 in
1013 1154 1062 1179 eo
1083 1141 1300 1181 carmine:

510 1236 790 1307 ἄγρωστιν
816 1234 1009 1305 δρόσος
1035 1236 1188 1303 αὔξει

501 1311 672 1377 μήνας
702 1332 759 1363 τε
788 1309 882 1362 καὶ
909 1309 1063 1379 ἀέρος
1090 1308 1241 1368 υἱός.2

866 1499 929 1544 50

201 1587 296 1627 Sch.
322 1588 378 1627 Il.
404 1588 465 1627 13.
492 1587 571 1626 588
593 1603 601 1626 :
635 1618 642 1625 .
681 1619 688 1626 .
725 1619 731 1626 .
769 1591 817 1639 τῇ
841 1597 885 1639 φι
905 1589 1126 1640 παραγωγῇ
1150 1589 1170 1626 ὁ
1201 1588 1370 1635 ποιητὴς
1399 1588 1502 1627 κατὰ
1530 1591 1651 1639 τριῶν

144 1639 341 1694 κέχρηται
369 1643 577 1689 πτώσεων,
604 1643 666 1681 ἐπὶ
697 1646 874 1693 γενικῆς,
910 1645 1085 1692 δοτικῆς,
1120 1643 1345 1689 αἰτιατικῆς
1376 1673 1384 1682 .
1420 1674 1428 1681 .
1466 1674 1474 1682 .
1512 1642 1575 1681 ἐπὶ
1605 1643 1650 1683 δὲ

144 1700 343 1745 κλητικῆς
363 1699 543 1747 Ἀλκμὰν
563 1699 582 1735 ὁ
603 1699 820 1747 μελοποιὸς
841 1698 979 1738 οὕτως·

508 1789 696 1841 ΝῙῶσα
724 1787 852 1844 Διὸς
881 1787 1135 1858 θύγατερ,

509 1860 778 1931 ὠρανίαφι
802 1859 914 1928 λίγ’
942 1860 1215 1930 ἀείσομαι·

142 1953 232 1993 ἔστι
253 1954 330 2005 γὰρ
352 1953 522 2005 οὐρανία.

869 2055 926 2099 51

201 2140 297 2180 Sch.
323 2142 377 2181 Il.
404 2141 468 2181 ⁶22.
495 2143 574 2182 305
595 2143 724 2192 [ἀλλὰ
743 2139 849 2192 μέγα
871 2140 981 2192 ΙΒέξας
997 2158 1036 2180 τι
1059 2140 1122 2181 καὶ
1145 2140 1402 2191 ἐσσομένοισι
1422 2140 1648 2191 πυθέσθαι]·

143 2197 276 2234 λείπει
297 2198 345 2235 τὸ
367 2196 531 2246 ἀγαθόν,
558 2199 608 2236 ὡς
627 2197 822 2245 Ἀλκμάν-

579 2275 721 2343 μὲγα
748 2275 947 2343 γείτονι
974 2274 1180 2343 γείτων.

201 2423 216 2447 ²
247 2423 567 2464 Bernardakis
604 2438 689 2463 mss·
711 2442 745 2464 κ.
774 2425 905 2466 ἀσελε
941 2426 1014 2472 Qu.
1041 2425 1140 2465 Nat.
1167 2440 1203 2465 κ.
1230 2429 1272 2465 Σ.
1300 2424 1385 2465 δίας
1512 2422 1530 2447 ²
1558 2437 1646 2464 mss

147 2477 293 2530 δρόσον
312 2482 395 2530 αὔξ.
422 2479 495 2527 μὲν
514 2479 643 2528 μήνης

204 2576 220 2600 ²
248 2577 305 2616 ef.
340 2577 457 2616 Plut.
496 2578 594 2617 Fac.
634 2579 727 2618 Orb.
759 2579 827 2626 ⁶25,
864 2580 938 2626 Qu.
974 2580 1074 2618 Nat.
1114 2527 1180 2627 3-4,
1221 2579 1358 2619 Macr.
1397 2581 1484 2620 Sat.
1526 2579 1565 2622 7.
1603 2579 1652 2619 16

147 2632 164 2656 2
193 2631 268 2671 the
299 2631 414 2671 bona
442 2631 550 2671 fides
580 2632 626 2671 of
658 2632 746 2672 this
767 2632 927 2671 author
961 2633 996 2672 is
1026 2646 1138 2685 open
1167 2638 1215 2673 to
1243 2633 1384 2674 doubt
1547 2632 1564 2657 ³
1593 2632 1650 2672 cf.

149 2710 213 2766 84
