1704 2937
579 179 761 226 LYRA
811 178 1091 227 GRAECA

152 312 329 382 φέρεις
357 314 454 373 ὅῐν,

150 386 326 456 φέρεις
354 385 503 453 αἶγα,
532 385 711 455 φέρεις
740 385 856 438 ἀπὺ
883 384 980 439 Ι-’ὸν
1005 385 1200 455 μάτερι
1229 384 1450 439 παῖδα.ι

77 481 140 519 καὶ
171 480 248 530 γὰρ
279 481 449 519 ἐνταῦθα
475 480 499 526 ἡ
529 478 647 531 χάρις
671 480 785 518 ἐστὶν
817 481 861 518 ἐκ
891 481 964 525 τῆς
995 478 1144 528 λέξεως
1173 481 1248 526 τῆς
1277 479 1412 530 φέρεις
1444 479 1507 518 ἐπὶ
1537 480 1586 518 τὸ

77 536 176 574 αὐτὸ
199 534 511 585 ἀναφερομένης.

791 631 881 681 150

132 719 227 759 Sch.
264 719 469 771 Hermog.
508 735 548 757 π.
586 719 699 758 ἰδεῶν
732 720 767 757 l.
802 720 835 759 1.
870 719 986 758 Rhet.
1025 719 1095 759 Gr.
1131 718 1184 768 (7.
1221 721 1301 759 883
1333 719 1488 765 Walz)·
1549 688 1590 758 αἱ

78 774 152 822 μὲν
168 775 246 824 γὰρ
262 778 342 813 τῶν
361 775 474 813 ἰδεῶν
490 776 708 822 μονοειδεῖς
726 773 870 822 ἔχουσι
891 773 965 813 τὰς
987 775 1151 820 ἐννοίας,
1177 775 1228 814 ὣς
1247 776 1272 822 ἣ
1295 774 1530 824 καθαρότης,
1549 776 1590 814 αἱ

77 829 118 868 δὲ
134 831 196 868 καὶ
213 829 335 878 μέχρι
356 832 475 878 τριῶν
491 829 553 867 καὶ
570 827 778 877 τεττάρων
797 828 1066 878 προέρχονται
1082 825 1253 880 τρόπων,
1277 830 1327 869 ὡς
1342 829 1367 876 ἦ
1385 828 1586 876 σεμνότης

78 884 142 923 καὶ
166 887 203 923 εἴ
221 899 326 923 τινες
348 883 479 933 ἕτεραι
504 882 633 935 ταύτῃ
657 883 799 931 ὅμοιαι,
827 885 876 922 ὡς
899 884 938 921 αἵ
962 882 1173 933 ἴστορικαί·
1198 885 1261 923 καὶ
1283 883 1361 934 γὰρ
1387 881 1505 923 αῧται
1526 885 1588 923 διὰ

75 939 148 976 τὸν
179 938 328 988 χρόνον
357 925 630 986 πλησιάζουσι
662 940 752 976 ταῖς
781 942 977 986 μυθικαῖς,
1016 940 1067 977 ὡς
1099 939 1163 977 καὶ
1196 937 1439 985 Θουκυδίδης
1468 940 1584 987 φησὶ·

79 992 141 1032 καὶ
157 994 248 1032 ὅσαι
264 993 315 1031 τὰ
331 996 420 1032 ταῖς
437 991 680 1037 αἰσθήσεσιν
695 992 795 1039 ἡδέα
809 991 1090 1041 ἐκφράζουσιν,
1113 991 1215 1043 ὄψει,
1235 994 1349 1046 ἀκοῇ,
1369 992 1583 1044 ὀσφρήσει,

75 1047 230 1097 γεύσει,
256 1045 349 1100 ἁφῇ,
379 1049 428 1087 ὡς
440 1046 632 1097 ε’·Ομηρος
659 1046 731 1093 (Ῑί.
753 1048 788 1086 8.
817 1048 988 1095 377-8)·
1019 1048 1083 1086 καὶ
1106 1048 1271 1098 Σαπφώ·
1297 1049 1374 1097 (4)·
1406 1046 1484 1087 καί·

148 1126 261 1180 οἷον
288 1125 348 1179 τὸ
375 1124 736 1194 γλυκύμαλον
763 1125 1089 1195 ἐρεύθεται’
1067 1125 1216 1196 α’κρῳ
1243 1126 1329 1180 ἐπ’
1358 1125 1507 1196 ὕσδῳ

148 1199 311 1268 ἄκρον
340 1198 422 1251 ἐπ’
443 1197 747 1268 ἀκροτάτῳ,
768 1199 1077 1251 λελάθοντο
1105 1199 1160 1252 δὲ
1179 1197 1584 1269 μαλοδρόπηες.

148 1273 209 1325 οὐ
259 1271 366 1339 μὰν
418 1268 788 1331 ἐκλελάθοντ,
837 1271 965 1324 ἀλλ’
1018 1272 1115 1324 οὐκ
1167 1269 1407 1325 ἐδύναντ’
1459 1264 1579 1324 ἐπῖ-

295 1345 509 1397 κεσθαι·

76 1440 137 1478 καὶ
161 1438 388 1491 Θεόκριτος·
413 1441 465 1489 (8.
494 1440 562 1487 78)
585 1439 661 1478 καί·
688 1440 739 1486 (3,
768 1441 849 1478 541.

787 1643 876 1687 151

130 1731 324 1770 Demetr.
348 1731 457 1770 Eloc.
488 1730 563 1769 106
620 1731 668 1769 τὸ
694 1728 735 1769 δὲ
762 1730 999 1780 ἐπιφώνημα
1031 1727 1280 1779 καλούμενον
1310 1726 1483 1777 ὁρίζοιτο
1511 1726 1586 1779 μὲν

75 1786 123 1824 ἄν
161 1801 221 1825 τις
262 1785 373 1833 λέξιν
412 1787 726 1832 ἐπικοσμοῦσαν·
770 1786 859 1823 ἔστι
899 1783 941 1823 δὲ
981 1786 1030 1822 τὸ
1064 1783 1510 1835 μεγαλοπρεπέστατον
1545 1787 1588 1824 ἐν

76 1843 162 1880 τοῖς
195 1839 350 1889 λόγοις·
410 1842 486 1886 τῆς
506 1839 584 1891 γὰρ
619 1840 765 1888 λέξεως
797 1840 821 1886 ’ἦ
862 1836 935 1887 μὲν
975 1841 1177 1888 ὑπηρετεῖ,
1212 1839 1238 1887 ἡ
1275 1837 1318 1878 δὲ
1357 1839 1581 1887 ἐπικοσμεῖ.

78 1897 267 1941 ὑπηρετεῖ
302 1893 376 1942 μὲν
414 1896 438 1942 ἡ
487 1894 636 1934 τοιάδε·
679 1897 765 1933 οἵαν
797 1924 805 1932 .
840 1923 848 1932 .
883 1924 891 1931 .
924 1894 1249 1939 καταστείβοισι·
1292 1895 1505 1942 ἐπικοσμεῖ
1543 1892 1586 1932 δὲ

75 1950 123 1988 τὸ
166 1948 452 1999 ἐπιφερόμενον
490 1948 551 1988 τό·
613 1947 741 1998 χᾶμαι
784 1980 791 1986 .
839 1978 846 1986 .
897 1979 904 1986 .
957 1947 1068 1994 ἄνθη.
1127 1948 1421 1998 ἐπενήνεγκται
1458 1950 1584 1987 τοῦτο

76 2007 159 2042 τοῖς
183 2003 560 2054 ·ιι’ρολελεγ,ιιένοις2
580 2004 732 2053 κόσμος
753 2006 892 2053 σαφῶς
914 2003 977 2040 καὶ
1001 2002 1157 2044 κάλλος
1189 2034 1198 2043 .
1229 2035 1237 2043 .
1274 2034 1283 2042 .
1320 2003 1384 2042 καὶ
1411 2000 1586 2042 καθόλου

74 2060 122 2096 τὸ
164 2059 398 2108 ἐπιφώνημα
437 2062 522 2099 τοῖς
560 2061 642 2097 τῶν
679 2058 888 2096 πλουσίων
926 2056 1053 2096 ἔοικεν
1094 2058 1390 2108 ἐπιδείγαασιν,
1429 2059 1587 2108 γείσοις

75 2112 187 2162 λέγω
219 2113 281 2151 καὶ
311 2112 554 2163 τριγλύφοις
593 2113 656 2151 καὶ
695 2111 918 2162 πορφύραις
947 2113 1174 2154 πλατείαις·
1223 2111 1306 2151 οἷον
1343 2110 1422 2164 γάρ
1450 2127 1490 2151 τι
1521 2111 1584 2151 καὶ

76 2169 174 2206 αὐτὸ
196 2170 269 2206 τοῦ
293 2168 333 2205 ἐν
355 2168 494 2218 λόγοις
516 2167 697 2208 πλούτου
719 2166 887 2215 σημεῖόν
908 2167 1036 2206 ἐστιν.

129 2321 143 2346 ¹
175 2322 254 2361 ἀπὺ
285 2321 362 2361 Ρὸν
394 2324 434 2362 Ε
465 2326 530 2370 (or
564 2324 686 2375 print
719 2322 826 2363 Ι-Ῥὸν
840 2323 873 2373 ῗ)
905 2323 958 2363 cf.
995 2323 1175 2362 The-occ.
1215 2322 1277 2361 12.
1308 2322 1374 2369 33,
1402 2322 1485 2362 Ad.
1515 2322 1580 2370 32,

77 2377 204 2416 Hom.
243 2378 321 2416 ἀπό
349 2377 449 2426 ἕθεν,
480 2380 559 2418 ἆπὸ
594 2379 647 2427 ἕο,
679 2378 804 2418 πόσεϊ
837 2377 878 2428 ᾧ,
905 2377 992 2416 ancl
1022 2377 1090 2417 for
1119 2380 1257 2416 metre
1289 2376 1384 2416 Alc.
1425 2376 1501 2415 112
1521 2375 1584 2417 B:

75 2444 161 2470 mss
183 2432 323 2470 ἄποιον
345 2431 484 2480 (Dem.
511 2434 616 2481 om.)
723 2433 740 2458 ²
771 2431 939 2471 Finckh
962 2448 969 2471 :
1001 2445 1089 2471 mss
1109 2446 1346 2482 προενηνεγ.

129 2575 140 2599 1
173 2575 249 2614 the
270 2575 418 2627 sequel
438 2589 527 2615 was
548 2575 668 2628 prob.
699 2580 708 2596 ⁶
726 2577 847 2615 Even
869 2589 916 2615 so
937 2575 1134 2628 ‘co-night,
1163 2575 1291 2628 bring
1320 2575 1429 2614 thou
1459 2573 1586 2613 home

81 2654 175 2699 286
