1704 2937
645 184 832 231 LYRA
884 185 1165 232 GRAECA

882 320 908 364 9

212 423 310 461 Vita
328 423 462 462 Arati
481 423 677 463 Buhle‘)
652 453 688 464 d.
716 426 795 468 437
854 426 1047 476 ἀγνοοῦσι
1080 425 1159 465 δὲ’
1148 425 1210 466 ότι
1241 426 1306 466 καὶ
1331 428 1525 478 Πίνδαρος
1544 444 1659 468 κατε·

146 476 336 527 χρήσατο
355 482 412 527 τῷ
435 478 520 517 ἕπει
540 479 671 530 τούτῳ
693 477 846 530 λέγων·
885 480 1107 534 ΝΟθενπερ
1128 483 1192 521 καὶ
1217 482 1424 535 Ὁμηρίδαι
1445 482 1655 534 ἄρχονται,

149 532 245 571 Διὸς
268 533 312 571 ἐκ
332 533 549 584 προοιμίου·
557 536 651 574 ’καὶ
674 535 867 584 Ἀλκμάν·

440 693 726 707 ......
770 654 983 722 ἐγώνγα
1013 654 1057 707 δ’
1086 654 1350 725 ἀείσομαι

440 727 499 778 ἐκ
528 728 656 784 Διὸς
685 727 1006 798 ἀρχομένα.1

875 1114 935 1160 10

203 1220 351 1273 Apoll.
378 1222 504 1260 Pron.
534 1222 622 1262 109.
658 1223 710 1262 23
766 1226 948 1262 πλεῖστα
977 1226 1078 1274 ’γοῦν
1107 1223 1197 1264 ἔστι
1225 1226 1316 1276 παρ’
1347 1223 1500 1277 ἑτέροις
1529 1226 1660 1277 εὑρεῖν

152 1276 355 1327 σφέτερον
387 1292 542 1328 πατερα
577 1278 667 1316 ἀντὶ
706 1280 779 1316 τοῦ
821 1278 1013 1329 ὑμέτερον
1044 1310 1052 1318 .
1089 1310 1098 1318 .
1135 1310 1143 1318 .
1179 1281 1242 1319 καὶ
1275 1277 1401 1318 πάλιν
1429 1280 1519 1332 παρ’
1549 1282 1657 1330 αὐτῷ’

151 1331 240 1370 ἀντὶ
261 1333 334 1370 τοῦ
355 1331 599 1384 σφωίτερον·
620 1332 818 1382 Ἀλκμάν·

588 1448 685 1515 ὑμέ
712 1472 770 1501 τε
797 1449 891 1502 καὶ
921 1449 1196 1520 σφετέρως

586 1524 768 1578 ἴππως
812 1564 821 1574 .
867 1564 876 1574 .
922 1564 931 1575 .

870 1919 926 1966 11

207 2022 436 2065 Sch.Eu1.
467 2027 666 2066 T70.210
723 2026 955 2078 οἶκητηριόν
980 2037 1081 2079 φασι
1105 2028 1178 2067 τὰς
1204 2025 1410 2076 Θεράπνας
1433 2029 1515 2066 τῶν
1539 2033 1657 2066 Διοσ-

156 2078 306 2129 κούρων
344 2084 435 2130 παρ’
476 2082 574 2120 ὅσον
614 2082 689 2120 ὑπὸ
732 2083 809 2129 τὴν
846 2084 926 2132 ’γῆν
964 2085 1039 2128 τῆς
1078 2082 1285 2134 Θεράπνης
1323 2081 1423 2121 εἶναι
1463 2078 1658 2132 λεγονται

152 2132 434 2185 ἀποθανόντες,
443 2135 460 2159 2
481 2137 532 2175 ὡς
552 2134 732 2186 Ἀλκμάν
753 2148 891 2187 φησιν.

201 2269 218 2294 ²
246 2272 402 2314 Valck.
430 2275 509 2315 -2B
540 2286 628 2313 mss
651 2275 730 2323 ἐγὼ
753 2273 794 2313 δὲ
817 2273 879 2313 ἀεί
899 2289 963 2314 σοι
985 2291 1033 2318 με
1055 2276 1101 2314 ἐκ
1122 2281 1168 2314 Δ.
1200 2271 1407 2326 ἀρχόμενα
1517 2273 1533 2297 ²
1563 2286 1652 2312 mss

151 2324 298 2375 ζῶντες

203 2463 219 2489 ¹
247 2466 370 2505 Nem.
393 2467 432 2504 2.
459 2468 477 2505 1
592 2465 609 2489 2
639 2465 715 2506 the
737 2465 947 2505 feminine
968 2465 1112 2505 shows
1132 2465 1209 2505 the
1230 2478 1337 2518 song
1358 2477 1448 2504 was
1467 2477 1578 2516 sung
1598 2463 1657 2516 by

150 2519 257 2570 girls
284 2519 356 2569 (ef.
384 2520 436 2560 fr.
463 2522 504 2569 8)
667 2521 684 2544 ³
712 2519 834 2572 prob.
865 2520 942 2559 the
971 2519 1187 2568 Dioscuri,
1216 2520 1412 2559 mention
1440 2518 1486 2558 of
1515 2519 1654 2559 whom

150 2587 289 2614 seems
320 2580 365 2614 to
396 2575 508 2614 have
537 2574 647 2614 been
678 2574 823 2614 added
858 2578 905 2614 to
937 2574 1027 2614 this
1061 2574 1198 2626 hymn
1225 2577 1273 2614 at
1300 2573 1378 2614 the
1404 2577 1582 2625 request,
1611 2572 1658 2612 of

147 2653 210 2710 64
