1704 2937
626 188 812 234 LYRA
865 188 1144 234 GRAECA

127 318 335 371 τούτων
375 317 654 384 ἀκήκοας;
646 314 831 373 ·Ω-Σ
841 319 998 369 ,Νῦν
1038 316 1135 384 μὲν
1176 316 1346 372 οὕτως
1387 315 1484 367 οὐκ
1517 313 1629 384 ἔχω

126 393 315 445 εἰπεῖν·
341 390 507 457 δῆλον
537 390 636 444 δὲ
619 391 704 443 ότι
733 394 893 442 τινῶν
920 390 1150 456 ἀκηκοα,
1169 412 1200 455 ⁷7
1230 411 1338 441 που
1365 387 1631 458 Σαπφοῦς

127 470 221 531 τῆς
277 469 450 530 καλης
511 488 544 530 η
594 462 988 531 Ἀνακρέοντος
1049 466 1145 515 τοῦ
1206 465 1386 532 σοφοῦ
1447 460 1479 526 ἢ
1536 460 1629 512 καὶ

130 536 497 608 συγγραφέων
535 540 710 589 τινῶν.

210 639 341 684 Max.
365 638 479 701 Tyr.
507 639 567 683 24
591 636 764 699 (1877
897 674 905 683 .
968 630 1236 699 Σαπφοῦς
1265 633 1358 694 τῆς
1387 631 1635 693 καλῆς-

127 707 267 758 οὕτω
308 705 417 774 Γγὰρ
464 704 637 771 αὐτὴν
681 656 958 772 ὀνομάζων
982 701 1182 792 χαίρει
1222 701 1272 768 (ὁ
1313 700 1630 769 Σωκράτης)

129 778 216 831 διὰ
244 778 343 844 τὴν
373 778 514 847 ὥραν
542 781 648 831 τῶν
674 781 872 846 μελῶν,
901 774 1079 829 καίτοι
1114 773 1315 844 μικρὰν
1344 774 1513 827 οὖσαν
1541 771 1633 825 καὶ

127 852 415 918 μέλαιναν.

198 950 293 998 Ov.
323 949 416 1012 Ep.
449 950 522 995 15.
553 949 610 993 31

197 1017 247 1064 Si
274 1017 398 1062 mihi
423 1016 636 1062 difficilis
661 1014 873 1060 formam
899 1021 1077 1060 natura
1103 1016 1325 1076 negavit,

264 1088 472 1147 ingenio
496 1084 687 1130 formae
713 1084 897 1129 damna
923 1082 1149 1144 rependo
1173 1097 1317 1127 meae
1338 1097 1347 1126 z

198 1171 292 1200 nee
317 1170 399 1198 me
426 1153 690 1215 despicias,
715 1155 754 1198 si
781 1155 874 1197 sim
899 1152 993 1196 tibi
1019 1166 1224 1212 corpore
1250 1165 1401 1211 parva

266 1237 654 1282 mensuramque
680 1221 845 1265 brevis
870 1222 1087 1264 nominis
1112 1221 1218 1280 ipsa
1242 1216 1401 1262 seram
1421 1215 1467 1270 1;

200 1307 308 1336 sum
335 1290 514 1345 brevis,
541 1295 594 1334 at
618 1304 805 1334 nomen
831 1287 966 1350 quod
990 1293 1150 1333 ’cerras
1175 1285 1386 1346 impleat
1411 1298 1586 1329 omnes

267 1364 345 1403 est
369 1356 523 1411 mihi3
560 1373 848 1402 mensuram
873 1358 1089 1400 nominis
1114 1357 1221 1415 ipsa
1244 1352 1369 1401 fero.

200 1425 414 1470 candida
439 1428 479 1470 si
505 1441 607 1469 non
633 1441 759 1480 sum,
785 1423 976 1485 placuit
1001 1421 1222 1483 Cepheia
1251 1420 1432 1466 Perseo

270 1492 615 1549 Andromede,
641 1495 832 1553 patriae
859 1491 998 1537 fusca
1023 1490 1187 1535 colore
1213 1504 1361 1543 suae3

202 1569 254 1607 ei:
279 1565 424 1607 variis
449 1561 592 1606 albae
618 1564 899 1621 iunguntur
923 1575 1073 1620 saepe
1100 1557 1379 1613 columbae,

268 1636 322 1676 et
346 1632 492 1690 niger
517 1646 545 1673 a
571 1628 717 1673 viridi
742 1634 910 1673 turtur
935 1633 1131 1672 amatul
1155 1641 1258 1672 ave.

210 1725 330 1772 Luc.
374 1724 523 1786 Imag.
572 1723 631 1768 18
684 1717 768 1783 [π.
823 1714 921 1781 τὴν
973 1712 1173 1784 σοφίας
1224 1711 1318 1764 καὶ
1370 1708 1641 1764 συνέσεως

135 1790 358 1858 εἰκόνα]
452 1789 702 1859 δεύτερον
765 1787 822 1840 δὲ
885 1788 979 1841 καὶ
1043 1785 1226 1854 τρίτον
1288 1782 1642 1873 παράδειγμα

136 1864 329 1917 Θεανώ
382 1884 440 1915 τε
492 1862 666 1927 ἐκείνη
718 1861 811 1913 καὶ
854 1861 886 1925 ἡ
932 1862 1156 1923 Λεσβία
1202 1854 1496 1921 μελοποιὸς
1547 1851 1640 1905 καὶ

134 1936 372 2003 Διοτίμα
395 1935 487 1988 ἐπὶ
510 1934 755 1993 ταύταις,
775 1935 806 1999 ἡ
833 1933 930 2000 μὲν
952 1956 1013 1984 το
1035 1931 1377 1999 μεγαλόνουν
1399 1930 1428 1992 ἡ
1453 1926 1642 1980 Θεανὼ

136 2007 581 2077 συμβαλλομένη
622 2007 695 2063 εἰς
737 2005 834 2071 τὴν
873 2003 1111 2074 «γραφην,
1153 2006 1184 2068 ἡ
1225 2001 1443 2072 Σαπφὼ
1483 1999 1539 2052 δὲ
1580 1996 1642 2050 τὸ

133 2084 423 2153 «γλαφυρὸν
451 2085 544 2147 τῆς
571 2078 941 2148 προαιρέσεως
983 2119 992 2129 .
1038 2118 1048 2129 .
1092 2118 1102 2129 .

210 2193 325 2240 Sch.
351 2192 412 2238 ad
440 2191 522 2239 loc.
600 2184 730 2236 ὅσον
769 2182 842 2238 εἰς
884 2185 1045 2248 σῶμα
1085 2178 1480 2250 εἰδεχθεστάτη
1517 2176 1643 2241 <ἡ>

138 2258 374 2328 Σαπφώ,
417 2257 586 2326 μικρά
625 2279 683 2308 τε
728 2255 822 2308 καὶ
868 2254 1106 2322 μέλαινα
1151 2251 1408 2341 ὁρωμέν>7,
1450 2249 1543 2301 καὶ
1589 2246 1643 2300 τί

137 2333 244 2402 γὰρ
297 2330 441 2383 ἄλλο
494 2330 527 2396 ἢ
579 2327 758 2395 ἀηδὼν
804 2327 1069 2396 ἀμόρφοις
1121 2329 1234 2381 τοῖς
1284 2321 1505 2379 πτίλοις
1550 2319 1644 2374 ἐπὶ

141 2409 353 2474 σμικρῷ
384 2408 458 2474 τῷ
485 2402 702 2467 σώματι
708 2398 1134 2535 ιἢπεριειλημένη.

210 2508 392 2570 Por.ph
422 2507 548 2555 Hor
576 2506 676 2554 Sfflat
743 2505 829 2553 ..1
865 2503 927 2549 :30
1000 2500 1106 2566 [ille
1144 2501 1285 2547 velut
1321 2498 1430 2545 fidis
1465 2513 1645 2543 arcana

139 2577 391 2624 sodalibus
411 2575 529 2621 olim
563 2573 567 2638 l
603 2573 845 2620 credebat
863 2568 1048 2635 hbrls]
1076 2570 1366 2615 Aristoxeni
1387 2568 1644 2613 sententia

148 2670 239 2714 160
