1704 2937
677 204 861 250 LYRA
912 202 1191 250 GRAECA

743 332 765 346 ε
805 337 815 350 ,
1064 334 1074 347 ,

677 336 704 378 4
742 348 839 395 ἱεις
864 338 1181 396 Διοσκουρους

239 423 366 463 Dion.
402 423 503 463 Hal.
541 425 675 473 Comp.
715 423 762 464 17
793 423 852 472 [π.
887 423 1076 474 ῥυθμῶν]·
1112 426 1131 461 ὁ
1167 425 1200 461 δ’
1233 424 1273 472 ἐξ
1307 421 1474 461 ἁπασῶν
1505 426 1677 474 μακρῶν,

177 481 383 529 μολοττὸν
404 481 436 516 δ’
457 480 579 517 αὐτὸν
600 480 635 516 οἱ
654 480 833 529 μετρικοὶ
856 481 1064 525 καλοῦσιν,
1092 476 1246 528 ὑψηλός
1265 493 1311 516 τε
1333 477 1397 517 καὶ
1420 475 1682 526 ἀξιωματικός

179 538 269 574 ἐστι
291 536 354 574 καὶ
377 534 629 579 διαβεβηκὼς
651 533 714 572 ἐπὶ
735 533 856 572 πολύ·
879 535 1130 585 παραδεῖγμα
1150 533 1192 572 δὲ
1214 533 1336 571 αὐτοῦ
1357 530 1531 572 τοιόνδε·

315 610 390 662 ςΩ
421 609 587 676 Ζηνὸς
616 610 708 662 καὶ
738 608 922 677 Λήδας
949 610 1251 662 κάλλιστοι
1278 613 1519 678 σωτῆρες

928 769 951 781 .-

925 783 953 814 ί)

234 850 378 891 Strab.
428 851 487 889 13.
534 851 612 889 618
652 852 708 900 [π.
756 848 1006 898 Μηθύμνης]“
1059 847 1177 888 οὗτος
1217 848 1290 898 μὲν
1329 847 1398 887 οὖν
1443 849 1481 896 (ὁ
1527 847 1685 897 Ἀρίων)

181 904 409 955 κιθαρῳδός·
451 906 513 944 καὶ
561 903 811 957 Τέρπανδρον
859 904 901 943 δὲ
951 906 1024 949 τῆς
1074 906 1200 950 αὐτῆς
1245 905 1441 953 μουσικῆς
1488 903 1686 953 τεχνίτην

179 959 389 1010 γεγονέναι
429 960 555 1010 φασὶν
594 962 656 1000 καὶ
707 963 782 1006 τῆς
820 961 945 1005 αὐτῆς
984 959 1125 1007 νήσου,
1167 960 1240 997 τὸν
1278 962 1438 1009 πρῶτον
1485 957 1574 995 ἀντὶ
1611 960 1687 1004 τῆς

178 1014 453 1066 τετραχόρδου
484 1014 608 1063 λύρας
645 1012 883 1065 ἑπταχόρδῳ
919 1012 1192 1063 χρησάμενον,
1223 1013 1399 1065 καθάπερ
1428 1012 1492 1051 καὶ
1528 1013 1571 1052 ἐν
1599 1015 1686 1052 τοῖς

178 1070 487 1122 ἀναφερομένοις
509 1069 647 1108 ἔπεσιν
670 1071 725 1109 εἰς
746 1071 869 1108 αὐτὸν
887 1070 1072 1118 λέγεται·

250 1147 401 1212 ἡμεῖς
422 1168 506 1198 τοι
534 1145 874 1214 τετράγηρυν
901 1142 1340 1212 ἀποστέρξαντες
1369 1143 1557 1198 ἀοιδὰν
1578 1145 1600 1177 1

253 1218 535 1288 ἑπτατὸυῳ
562 1217 828 1288 φόρμιγγι
857 1217 1003 1275 νεους
1031 1216 1408 1284 κελαδήσομεν
1435 1219 1646 1285 ὕμνους.

925 1419 952 1464 6

236 1507 353 1547 Plut.
388 1508 563 1557 Lsscwrgy.
599 1507 647 1546 ⁴21
709 1507 815 1546 ὅλως
840 1506 882 1545 δὲ
913 1507 960 1545 ἄν
990 1523 1050 1546 τις
1082 1506 1309 1552 ἐπιστήσας
1337 1509 1422 1546 τοῖς
1442 1509 1685 1546 Λακωνικοῖς

181 1564 399 1611 ποιήμασιν
427 1562 479 1602 ὧν
506 1561 566 1600 ἔτι
601 1563 684 1601 καθ’
705 1563 809 1610 ἡμᾶς
842 1561 926 1600 ἔνια
959 1561 1167 1609 διεσώθη,2
1200 1563 1264 1600 καὶ
1295 1562 1390 1601 τοὺς
1423 1562 1687 1611 ἐμβατηρίους

181 1619 350 1668 ῥυθμοὺς
389 1618 607 1662 ἀναλαβὼν
646 1616 702 1657 οἷς
735 1619 916 1667 ἐχρῶντο
949 1617 1047 1667 πρὸς
1082 1618 1156 1655 τὸν
1189 1618 1316 1655 αὐλὸν
1350 1614 1572 1666 ἐπάγοντες
1599 1619 1687 1656 τοῖς

181 1673 404 1721 πολεμίοις,
457 1674 500 1711 οὐ
551 1675 679 1711 κακῶς
726 1671 934 1720 ἡγήσαιτο
974 1673 1036 1711 καὶ
1086 1673 1159 1710 τὸν
1205 1670 1453 1723 Τέρπανδρον
1501 1674 1564 1710 καὶ
1610 1672 1685 1710 τὸν

180 1728 376 1774 Πίνδαρον
405 1728 480 1774 τὴν
513 1726 694 1777 ἀνδρείαν
723 1729 776 1779 τῇ
804 1729 979 1778 μουσικῇ
1009 1727 1239 1767 συνάπτειν.
1303 1729 1322 1764 ὃ
1353 1726 1427 1776 μὲν
1457 1727 1535 1779 γὰρ
1561 1727 1686 1766 οὕτως

180 1783 374 1828 πεποίηκε
395 1783 483 1832 περὶ
505 1786 586 1821 τῶν
606 1780 935 1830 Λακεδαιμονίων·

255 1858 363 1911 ἕνθ’
392 1857 571 1928 αἰχμά
598 1880 656 1909 τε
684 1856 812 1910 νέων
842 1857 1042 1909 θάλλει
1073 1856 1166 1909 καὶ
1193 1859 1378 1910 Mdma
1405 1855 1591 1923 λίγεια

256 1931 345 1984 καὶ
376 1930 520 1983 Δίκα
548 1931 845 1998 εὐρυάγυια
872 1933 1059 1982 καλῶν
1089 1929 1448 2000 ἐπιτάρροθος
1475 1929 1661 1998 ἔργων.

928 2153 952 2169 ,-

934 2171 945 2201 ί

235 2243 336 2283 Joh.
373 2243 481 2295 Lyd.
520 2245 648 2282 Jsmw.
690 2243 740 2285 72
791 2241 1042 2293 Τέρπανδρός
1076 2258 1124 2292 γε
1153 2243 1232 2291 μὴν
1261 2245 1281 2281 ὃ
1314 2241 1488 2285 Λέσβιος
1520 2240 1688 2282 Νύσσαν

181 2297 297 2348 λέγει
317 2296 619 2345 τετιθηνηκέναι
646 2299 719 2338 τὸν
751 2297 950 2336 Διόνυσον
969 2299 1042 2337 τὸν
1065 2298 1139 2336 ὑπὸ
1168 2301 1287 2337 τινῶν
1316 2295 1514 2345 Σαβάζιον
1543 2297 1684 2346 ὀνομα-

181 2352 360 2403 ζόμενον,
387 2355 432 2392 ἐκ
453 2354 547 2393 Διὸς
569 2352 633 2391 καὶ
656 2352 919 2404 Περσεφόνης
944 2350 1175 2403 γενόμενον,
1201 2352 1289 2392 εἶτα
1311 2353 1386 2391 ὑπὸ
1406 2355 1488 2392 τῶν
1506 2351 1686 2391 Τιτάνων

182 2407 481 2458 σπαραχθέντα.

236 2513 252 2537 ¹
282 2528 328 2553 so
361 2513 500 2554 Euel:
539 2513 681 2554 strab.
715 2514 779 2553 σοὶ
812 2516 844 2552 δ’
875 2514 990 2563 ἡμεῖς
1019 2512 1104 2552 and
1137 2509 1359 2564 ἂποστρέψ.
1558 2509 1575 2533 ²
1599 2524 1687 2551 mss

182 2568 395 2618 διεσώζετο

181 2697 240 2740 32
