1704 2937
638 258 821 304 LYRA
870 258 1150 305 GRAECA

845 389 939 439 107

192 487 380 528 Aristid·
410 490 448 528 2.
493 489 573 530 272
632 489 729 539 ὑπὲρ
758 492 840 529 τῶν
871 487 1096 540 Τεττοίρων·
1139 489 1235 528 ἀλλ’
1278 488 1384 539 ὅμως
1424 490 1475 528 ἐῶ
1513 490 1644 529 ταῦτα

133 541 352 584 Πλάτωνος
372 543 505 594 χάριν·
530 544 636 583 ἔστω
657 545 706 583 τὸ
726 545 950 593 γειτόνημα
972 542 1161 594 ἁλμυρόν,
1189 546 1242 585 ὥς
1262 552 1403 594 φησιν.

189 597 285 638 Sch.
320 600 376 637 ad
414 600 483 638 loc.
547 598 726 648 ἁλμυρὸν
759 597 994 648 γειτόνημα·
1036 599 1220 649 Ἀλκμὰν
1258 601 1279 638 6
1318 598 1482 650 λυρικὺς
1521 601 1645 638 τοῦτο

135 654 259 692 εἶπεν·
284 654 372 692 ἀντὶ
403 656 476 692 τοῦ
505 653 545 691 τὶ
577 652 701 693 κακόν
732 654 846 693 ἐστιν
865 654 1030 704 γείτονα
1060 654 1174 703 ἔχειν
1193 655 1270 701 τὴν
1295 652 1509 693 θάλασσαν
1543 682 1554 693 .
1587 685 1594 692 .
1633 684 1641 691 .

135 706 252 759 λέγει
291 707 361 748 οῧν
409 711 428 747 6
478 707 623 759 ῥήτωρ·
690 713 984 761 Συγχωρῶμεν,
1035 709 1150 760 φησί,
1201 711 1291 750 ταῖς
1337 708 1523 756 Ἀθήναις
1569 708 1646 756 τὴν

135 763 343 803 θάλατταν
370 766 612 812 προσοικεῖν.

189 819 343 857 Arsen.
369 820 420 857 43

351 901 599 972 ἁλμυρὸν
624 902 902 971 γειτόνημ’
930 903 1183 970 ἕμβλεπε
1209 902 1445 973 πρόσω.1

854 1133 945 1179 108

189 1231 374 1271 Aristid.
394 1234 430 1271 ’2.
454 1233 532 1272 508
571 1248 613 1272 π.
638 1234 710 1271 τοῦ
731 1231 1090 1284 Παραφθέγματος·
1135 1232 1299 1284 ἑτέρωθι
1318 1233 1642 1282 τοίνυν,καλλω-

134 1285 345 1336 πιζόμενος
364 1289 453 1339 παρ’
477 1288 587 1326 ὅσοις
609 1290 811 1336 εὐδοκιμει
828 1303 1014 1328 τοσαυτα
1033 1289 1096 1328 καὶ
1118 1291 1287 1328 τοιαῦτα
1307 1287 1400 1336 ἔθνη
1421 1288 1645 1339 καταλέγει

137 1344 174 1389 (6
205 1342 417 1390 Ἀλκμὰν),
452 1343 549 1381 ὥστ’
581 1342 640 1381 ἔτι
675 1343 744 1381 νῦν
773 1343 869 1383 τοὺς
899 1343 1062 1383 ἀθλιους
1091 1344 1402 1394 γραμματιστὰς
1431 1342 1567 1393 ζητεῖν
1598 1342 1643 1383 οὗ

134 1399 213 1447 γῆς
252 1398 365 1435 ταῦτ’
402 1397 530 1445 ἐστί,2
567 1400 806 1437 λυσιτελεῖν
841 1400 872 1437 δ’
913 1399 1049 1438 αὐτοῖς
1087 1399 1151 1438 καὶ
1198 1396 1365 1450 μακράν,
1410 1401 1461 1439 ὡς
1498 1398 1639 1446 ἔοικεν,

133 1453 324 1491 ἀπελθεῖν
353 1453 445 1491 ὁδὸν
472 1454 637 1501 μᾶλλον
666 1453 689 1498 ἢ
711 1452 901 1504 περὶτῶν
921 1451 1152 1495 Σκιαπόδων
1181 1452 1358 1501 ἀνήνυτα
1385 1453 1642 1504 πραγματεύ-

136 1512 261 1547 εσθαμ

189 1827 332 1868 Strab.
383 1830 415 1867 1.
461 1829 513 1868 43
566 1826 754 1868 Ἠσίοδου
794 1830 827 1867 δ’
867 1828 938 1867 οὐκ
986 1827 1035 1866 ἄν
1081 1844 1143 1868 τις
1190 1825 1421 1867 αἰτιάσαιτο
1460 1827 1639 1879 ἄγνοιαν,

134 1884 347 1932 Ἥμῖκυνας
404 1882 602 1934 λέγοντος
634 1915 641 1922 .
680 1914 687 1921 .
726 1914 734 1922 .
769 1883 848 1922 οὐδ’
905 1885 1134 1932 Ἀλκμᾶνος
1177 1880 1484 1934 Στεγανόποδας
1532 1883 1644 1922 ἴστο·

131 1953 307 1990 ρουντος.

188 2211 316 2252 Diod.
355 2214 437 2253 Sic.
477 2215 514 2253 4.
556 2213 579 2255 7
637 2211 787 2252 ταύτας
828 2213 907 2263 γὰρ
948 2213 985 2252 οἱ
1024 2215 1216 2252 πλεῖστοι
1255 2215 1338 2252 τῶν
1374 2210 1643 2264 μυθογράφων

135 2268 197 2307 καὶ
247 2267 431 2317 μάλιστα
482 2267 810 2317 δεδοκιμασμένοι
864 2268 965 2317 φασὶ
1015 2264 1236 2318 θυγατέρας
1283 2267 1383 2307 εἶναι
1432 2268 1528 2306 Διὸς
1577 2267 1641 2307 καὶ

136 2322 417 2372 Μνημοσύνης,
458 2322 592 2373 ὀλίγοι
622 2321 664 2361 δὲ
695 2326 777 2362 τῶν
814 2325 1003 2369 ποιητῶν,
1039 2323 1082 2361 ἐν
1110 2321 1168 2362 οἷς
1208 2322 1297 2362 ἐστὶ
1337 2323 1401 2362 καὶ
1441 2321 1637 2371 Ἀλκμάν,

135 2378 356 2430 θυγατέρας
377 2378 665 2429 ἀποφαίνονται
687 2377 865 2429 Οὐράνου
886 2375 950 2416 καὶ
971 2378 1061 2422 Γῆς.

243 2537 257 2561 ¹
287 2539 336 2585 E,
362 2538 429 2577 for
450 2542 589 2578 metre
609 2537 662 2577 cf.
692 2539 764 2577 131
786 2553 795 2578 z
828 2550 912 2576 mss
933 2536 1066 2589 πόρρω
1277 2535 1293 2560 ²
1323 2549 1411 2576 mss
1431 2536 1530 2577 εἶναι

137 2731 227 2774 108
