1704 2937
671 198 856 244 LYRA
907 197 1186 244 GRAECA

1152 335 1172 346 Α

171 328 631 393 καταστήσαντος
713 328 1017 396 γεγένηται·
1109 353 1205 396 της
1287 329 1538 397 δευτέρας
1624 329 1682 383 δὲ

173 403 438 467 Θαλήτας
502 424 560 454 τε
620 401 645 454 ὁ
706 402 993 471 Γορτύνιος
1052 403 1147 455 καὶ
1205 401 1515 472 Ξενόδαμος
1557 443 1568 455 .
1613 443 1624 454 .
1669 444 1680 456 .

171 476 268 527 καὶ
309 473 634 540 Ξενόκριτος
675 517 684 526 .
728 516 738 526 .
785 515 795 525 .
836 475 930 527 καὶ
965 474 1369 543 Πολύμναστος
1412 516 1422 528 .
1467 516 1477 527 .
1528 518 1537 528 .
1582 475 1680 529 καὶ

170 546 426 603 Σακάδας
473 589 483 599 .
528 588 538 599 .
583 588 593 599 .
639 548 893 613 μάλιστα
932 546 1114 600 αἰτίαν
1157 548 1384 618 ἔχουσιν
1426 546 1679 616 ἡγεμόνες

170 619 430 687 γενέσθαι
461 661 471 671 .
514 663 522 671 .
568 660 578 671 .
609 618 815 672 τούτων
843 620 947 688 γὰρ
975 620 1430 688 εἰσηγησαμένων
1457 619 1527 673 τὰ
1553 621 1681 688 περὶ

171 692 267 748 τὰς
322 692 729 760 Γυμνοπαιδίας
782 691 878 748 τὰς
932 694 986 745 ἐν
1032 691 1404 761 Λακεδαίμονι
1453 692 1680 761 λέγεται

170 766 596 832 κατασταθῆναι
639 807 648 817 .
693 807 703 816 .
747 807 758 818 .
800 766 943 832 ἦσαν
1008 764 1049 816 δ’
1107 765 1155 818 οἱ
1220 766 1343 836 περὶ
1408 766 1680 833 Θαλήταν

170 860 229 890 τε
313 838 405 890 καὶ
485 837 798 906 Ξενόδαμον
880 837 972 890 καὶ
1049 836 1380 908 Ξενόκριτον
1455 837 1683 905 ποιηταὶ

303 912 314 927 2

170 932 420 964 παιανων
461 951 471 962 .
519 952 528 962 .
573 952 583 963 .

239 1011 369 1057 Plut.
398 1010 525 1058 filus.
555 1014 616 1057 42
655 1006 740 1059 ὅτι
769 1005 825 1058 δὲ
852 1007 946 1059 καὶ
980 1010 1100 1063 ταῖς
1133 1007 1538 1074 εὐνομωτάταις
1573 1009 1680 1059 τῶν

172 1077 388 1131 πόλεων
407 1078 661 1146 ἐπιμελὲς
683 1079 974 1147 γεγένηται
997 1078 1262 1149 φροντίδα
1283 1079 1568 1133 ποιεῖσθαι
1586 1084 1681 1145 τῆς

173 1150 427 1243 γενναίας
451 1158 738 1219 μουσικῆς,
763 1151 955 1204 πολλὰ
981 1152 1077 1219 μὲν
1105 1152 1197 1204 καὶ
1225 1151 1379 1204 ἀλλὰ
1404 1149 1704 1222 μαρτύριαΙ

171 1227 308 1278 ἔστι.
388 1223 741 1295 Τερπανδρον
771 1223 812 1276 δ’
841 1224 906 1277 ἄν
940 1247 1019 1281 τις
1050 1225 1384 1295 παραλάβοι
1423 1266 1434 1278 .
1478 1266 1488 1277 .
1532 1265 1543 1277 .
1585 1224 1679 1278 καὶ

175 1297 445 1364 Θαληταν
481 1296 573 1350 τὸν
612 1301 870 1368 Κρῆτα,
852 1298 911 1350 όν
945 1303 1091 1367 φασι
1124 1298 1268 1350 κατά
1305 1320 1358 1350 τι
1395 1295 1678 1368 πυθόχρη-

177 1393 312 1423 στον
339 1369 803 1437 Λακεδαιμονίους
832 1369 1276 1439 παραγενόμενον
1303 1368 1393 1423 διὰ
1413 1374 1682 1436 μουσικῆς

174 1443 450 1496 ἰάσασθαι
478 1443 810 1511 ἀπαλλάξαι
847 1466 905 1496 τε
941 1466 1037 1497 του
1069 1441 1456 1514 κατασχόντος
1481 1445 1704 1510 λοιμοῦ

175 1516 274 1583 τὴν
301 1512 580 1586 Σπάρτην,
612 1516 865 1585 καθάπερ
892 1516 1034 1586 φησὶ
1060 1515 1358 1586 Πρατίνας.

244 1625 369 1672 Ibid.
426 1625 486 1670 10
570 1617 661 1670 καὶ
714 1617 840 1682 περὶ
891 1617 1132 1682 Θαλήτα
1185 1616 1242 1670 δὲ
1295 1620 1393 1669 τοῦ
1445 1613 1680 1686 Κρητός,

173 1692 218 1746 εἰ
276 1693 523 1745 παιάνων
573 1689 863 1759 γεγένηται
923 1689 1168 1756 ποιητής,
1221 1689 1682 1757 ἀμφισβητεῖται.

174 1769 425 1822 Γλαῦκος
452 1763 558 1830 γὰρ
585 1762 702 1831 μετ’
723 1762 1067 1833 Ἀρχίλοχον
1093 1763 1326 1832 φάσκων
1352 1761 1683 1853 γεγενῆσθαι

177 1838 444 1904 Θαληταν
481 1836 822 1928 μεμιμῆσθαι
867 1835 965 1902 μὲν
1004 1834 1170 1887 αὐτόν
1205 1838 1345 1905 φησι
1385 1833 1454 1887 τὰ
1492 1833 1682 1905 Ἀρχι-

174 1910 351 1981 λόχου
388 1910 545 1977 μέλη,
593 1910 686 1961 ἐπὶ
725 1908 780 1961 δὲ
816 1906 877 1960 τὸ
916 1906 1254 1977 μακρότερον
1290 1907 1541 1967 ἐκτεῖναι,
1589 1904 1692 1960 καὶγ

178 1984 442 2035 Παιῶνα1
470 1982 564 2034 καὶ
595 1980 869 2051 Κρητικὸν
896 1980 1103 2050 ῥυθμὸν
1130 1980 1203 2037 εἰς
1230 2002 1329 2046 την
1352 1979 1684 2045 μελοποιίαν

176 2056 424 2109 ἐνθεῖναι·
455 2053 535 2110 οἷς
561 2052 906 2144 Ἀρχίλοχον
943 2052 1018 2121 μὴ
1056 2053 1396 2142 κεχρῆσθαι,
1414 2051 1547 2104 ἀλλ’
1574 2048 1691 2104 οὐδ”

173 2128 387 2197 Ὀρφέα
429 2127 549 2180 οὐδὲ
591 2125 958 2196 Τέρπανδρον·
1001 2127 1061 2178 ἐκ
1099 2125 1207 2195 γὰρ
1252 2129 1347 2190 τῆς
1384 2123 1683 2192 Ὀλύμπου

176 2200 464 2267 αὐλησεως
493 2199 762 2265 Θαλήταν
787 2199 961 2268 φασὶν
996 2197 1351 2267 ἐξειργάσθαι
1387 2200 1564 2251 ταῦτα
1590 2195 1683 2250 καὶ

179 2272 333 2341 δόξαι
362 2295 596 2338 ποιητην
623 2269 833 2339 ἀγαθὸν
857 2270 1155 2339 γεγονέναι.

250 2376 429 2438 Porph.
478 2375 565 2421 Vz't.
606 2373 740 2438 Pytlz.
783 2374 844 2418 32
923 2365 1020 2423 τὰς
1068 2369 1201 2434 γοῦν
1246 2362 1538 2432 διατριβὰς
1589 2362 1682 2417 καὶ

181 2442 342 2499 αὐτὸς
419 2443 579 2495 ἕωθεν
653 2440 752 2508 μὲν
828 2439 920 2492 ἐπὶ
997 2444 1092 2506 τῆς
1165 2435 1343 2495 οἰκίας
1425 2437 1680 2497 ἐποιεῖτο,

181 2515 542 2583 ἁρμοζόμενος
588 2513 723 2583 πρὸς
765 2512 942 2581 λύραν
983 2511 1082 2576 τὴν
1124 2510 1319 2562 ἑαυτοῦ
1361 2507 1545 2577 φωνὴν
1589 2507 1680 2562 καὶ

182 2588 326 2661 ᾄδων
353 2591 594 2643 παιᾶνας
620 2584 888 2656 ἀρχαίους
915 2605 1067 2641 τινας
1094 2585 1202 2635 τῶν
1229 2582 1507 2647 Θάλητος.

184 2686 245 2746 36
