1704 2937
629 157 815 203 LYRA
865 157 1146 203 GRAECA

845 289 936 337 132

184 374 327 427 Heph.
375 379 423 415 14
464 377 521 426 [π.
566 378 731 426 κοινῆς]·
794 378 861 415 ἐὰν
899 376 1037 427 μέντοι
1079 379 1120 416 ἐν
1157 381 1206 431 τῇ
1238 377 1411 431 προτέρᾳ
1443 382 1636 431 συλλαβῇ

128 431 293 469 τελικὸν
321 429 346 482 ᾗ
377 432 425 470 τὸ
455 433 626 483 ἄφωνον,
653 436 726 479 τῆς
759 432 799 470 δὲ
831 432 1017 485 δευτέρας
1047 433 1237 485 ἀρκτικὸν
1264 435 1310 473 τὸ
1343 432 1477 486 ὑγρόν,
1502 433 1638 474 οὐκέτι

127 485 284 534 ’γίνεται
325 488 435 533 κοινὴ
484 488 593 534 <ῆ>
651 486 858 534 συλλαβή,
895 488 1008 526 ἀλλὰ
1047 489 1232 540 ἄντικρυς
1266 487 1410 540 μάκρα,
1449 491 1499 528 ὣς
1533 490 1639 541 παρὰ
1687 531 1694 536 ,

129 541 315 590 Ἀλκαῖῳ·

356 637 459 688 ’Έκ
485 637 539 701 μ’
568 637 781 695 ἕλᾱσας
811 638 1028 707 ἀλγέων

851 1060 918 1111 H'

617 1196 1109 1251 ΕΠΑΙΝΗΣΙΩΝ
1130 1198 1152 1231 1

561 1319 652 1366 133
671 1317 690 1346 2
759 1318 874 1380 πρὸς
896 1316 1213 1380 Ἀντιμενίδαν

187 1429 345 1470 Strabo
380 1432 440 1469 13.
475 1432 552 1473 617
612 1432 752 1483 ἄνδρας
788 1434 821 1470 δ’
857 1431 985 1479 ἔσχεν
1021 1433 1061 1480 (ἡ
1103 1430 1333 1479 Μιτυλήνη)
1375 1429 1552 1481 ἐνδόξους
1591 1434 1640 1472 τὸ

131 1486 305 1523 παλαιὸν
338 1486 412 1534 μὲν
443 1486 659 1533 Πιττακόν,
697 1490 765 1525 ἕνα
796 1489 877 1524 τῶν
910 1486 1033 1525 Ἑπτὰ
1073 1490 1228 1537 Σοφῶν,
1263 1486 1325 1526 καὶ
1365 1488 1439 1525 τὸν
1468 1489 1640 1535 ποιητὴν

131 1543 321 1580 Ἃλκαῖον
352 1542 414 1579 καὶ
445 1543 518 1580 τὸν
547 1542 727 1592 ἀδελφὸν
753 1542 1039 1590 Ἀντιμενίδαν,
1067 1542 1112 1580 ὅν
1142 1550 1268 1593 φησιν
1293 1544 1481 1581 Ἀλκαῖος
1509 1547 1637 1589 Βαβυ-

133 1596 289 1634 λωνίοις
325 1599 622 1646 συμμαχοῦντα
655 1595 823 1637 τελέσαι
852 1595 983 1646 μέγαν
1012 1595 1140 1635 ἆθλον
1168 1597 1232 1635 καὶ
1262 1598 1306 1636 ἐκ
1334 1594 1466 1635 πόνων
1494 1598 1639 1637 αὐτοὺς

134 1650 330 1701 ῥύσασθαι
373 1653 585 1691 κτείναντα
626 1652 746 1703 ἄνδρα
788 1652 994 1702 μαχαίταν
1031 1652 1260 1698 βασιληῒων
1297 1651 1541 1699 παλαιστάν,
1588 1653 1640 1693 ὥς

133 1716 247 1756 φησι,
275 1715 404 1745 κ.τ.λ.

186 1803 332 1855 Heph.
383 1804 435 1843 63
492 1806 550 1852 [π.
605 1806 955 1853 ἀντισπαστικοῦ]·
1016 1805 1064 1843 τὸ
1113 1802 1155 1842 δὲ
1203 1801 1493 1851 ἀκατάληκτον
1540 1804 1638 1851 (τῶν

131 1856 369 1910 τριμέτρων)
408 1860 456 1897 τὸ
493 1859 619 1908 μόνην
667 1860 743 1905 τὴν
789 1859 1030 1898 τελευταίαν
1073 1858 1171 1908 ἔχον
1209 1859 1401 1908 ιάμβικὴν
1450 1861 1636 1898 καλεῖται

132 1913 482 1961 Ἀσκληπιάδειον,
509 1914 591 1954 οἷον
612 1915 659 1952 τὺ
680 1914 883 1953 Ἀλκαίου·

343 2022 553 2078 ςΗλθες
581 2023 639 2074 ἐκ
670 2022 923 2091 περάτων
948 2024 1048 2088 «γᾶς
1076 2020 1435 2086 ἐλεφαντίναν

350 2095 541 2157 λάβαν
569 2098 643 2146 τῶ
673 2093 856 2163 ξίφεος
884 2093 1231 2164 χρυσοδέταν
1257 2093 1418 2165 ἔχων,

187 2261 204 2286 1
237 2263 325 2302 this
348 2263 463 2310 title,
487 2262 617 2314 being
647 2262 839 2301 founded
861 2277 916 2301 ou
941 2276 994 2301 an
1027 2261 1307 2302 emendation
1329 2261 1455 2312 ofsr.
1486 2264 1576 2311 138,
1601 2263 1637 2302 is

137 2319 395 2364 uncertain3
426 2318 459 2356 if
488 2318 623 2369 right,
648 2318 725 2356 the
755 2317 906 2356 Aeolio
937 2318 1047 2356 form
1076 2317 1184 2356 with
1216 2333 1241 2364 η
1264 2316 1411 2356 would
1445 2330 1559 2356 seem
1591 2322 1639 2356 to

138 2373 262 2424 point,
296 2372 439 2411 either
472 2377 520 2410 to
552 2374 603 2410 A.
640 2372 816 2411 himself
854 2385 902 2410 or
933 2385 1051 2411 some
1085 2371 1207 2423 early
1237 2371 1426 2410 Lesbian
1459 2384 1507 2410 as
1540 2370 1638 2411 first,

135 2427 343 2466 collector
363 2426 407 2465 of
437 2426 512 2465 the
532 2439 681 2477 poems
839 2425 855 2449 ²
886 2426 928 2464 ll.
959 2427 1036 2464 1-2
1057 2425 1222 2477 Heph.‚
1245 2426 1324 2468 3-7
1344 2427 1386 2465 Ε
1401 2439 1432 2465 e.
1450 2439 1508 2476 9.,
1530 2426 1639 2466 8-10

137 2481 184 2521 Ο.
214 2481 387 2528 §hillen
413 2482 437 2520 3
465 2481 553 2520 and
579 2482 687 2520 5—10
709 2480 820 2519 from
842 2479 947 2528 Str„
972 2480 1071 2519 who
1100 2480 1244 2519 shows
1273 2481 1375 2519 that
1402 2479 1480 2520 the
1508 2493 1636 2519 name

135 2549 224 2574 was
253 2536 297 2574 in
331 2535 403 2574 the
437 2548 563 2586 poem
595 2534 698 2583 (and
729 2535 921 2574 without
955 2534 1378 2587 ictus-lengthening
1412 2534 1450 2574 it,
1483 2534 1520 2573 is
1559 2534 1634 2573 im-

136 2629 230 2670 402
