1704 2937
622 182 806 228 LYRA
859 181 1140 228 GRAECA

836 313 927 360 128

179 401 245 438 Ec.
272 401 382 450 May.
409 401 501 441 250.
534 402 583 441 10
640 400 756 440 δαύω·
789 402 838 440 τὸ
861 405 1069 451 κοιμῶμαι·
1102 402 1267 452 Σαπφώ·

271 474 473 532 Δαύοις
499 476 725 533 ἀπάλας
754 476 951 542 ἐτάρας
981 478 1034 529 ἐν
1062 475 1329 542 στήθεσιν
1361 493 1482 522 υ-“-’
1501 479 1522 511 1

125 566 241 619 λέγει
263 567 304 606 δὲ
327 569 573 620 Ἡρωδιανός,
601 571 662 608 ὅτι
684 568 786 619 ἅπαξ
807 573 935 610 κεῖται
956 570 981 617 ἡ
1003 569 1114 619 λέξις
1133 570 1237 621 παρὰ
1257 575 1425 623 Σαπφοῖ.

555 758 645 806 129
719 761 779 808 εἰς
815 760 896 808 τὰς
932 760 1134 808 Μούσας

180 845 325 898 Heph.
354 846 430 885 106
471 847 526 896 [π.
571 846 891 899 ἆσυναρτήτων]·
942 847 1006 887 καὶ
1045 848 1094 887 τὸ
1127 849 1167 898 ἐξ
1200 847 1480 900 ἷθυφαλλικῶν
1509 846 1576 889 δύο
1604 850 1630 898 ἦ

126 903 276 951 Σαπφὼ
296 901 502 949 πεποίηκε·

270 976 648 1118 [Δδεῦρᾟδηῦτᾳ
681 980 915 1038 Μοῖσαι,
945 976 1181 1048 χρύσιον
1205 976 1468 1032 λίποισαι

327 1052 447 1117 ῶμα
490 1051 510 1081 2

644 1209 736 1257 130
806 1210 921 1271 πρὸς
958 1212 1113 1270 Κλῆϊν

176 1293 286 1333 Ibid.
324 1296 374 1334 98
433 1295 540 1335 ἄλλο
575 1294 852 1347 ἆσυνάρτητον
886 1295 1029 1346 ὁμοίως
1067 1295 1170 1335 κατὰ
1207 1297 1284 1344 τὴν
1319 1295 1481 1347 πρώτην
1521 1297 1626 1335 ἀντι-

120 1348 295 1399 πάθειαν,
323 1352 367 1389 ἐκ
388 1355 608 1401 τροχαϊκοῦ
631 1350 815 1402 διμέτρου
836 1350 1121 1398 ἀκαταλήκτου
1149 1352 1212 1390 καὶ
1242 1352 1431 1401 ιάμβικοῦ
1461 1352 1625 1402 ἑφθημι-

122 1407 276 1456 μεροῦς,
321 1407 417 1457 ὅπερ
465 1406 534 1445 ἐὰν
579 1405 818 1458 παραλλάξῃ
867 1410 944 1454 τὴν
985 1406 1127 1456 τομήν,
1169 1405 1357 1458 ’γίγνεται
1404 1408 1627 1457 τροχαϊκὸν

121 1458 511 1511 προκαταληκτικόν·

188 1547 352 1599 ’Έστι
379 1569 470 1614 μοι
497 1546 649 1599 κάλα
676 1545 805 1603 πάϊς
830 1545 1151 1617 χρυσίοισιν
1177 1545 1494 1614 ἀνθέμοισιν

195 1619 473 1689 ἐμφέρηυ’
458 1620 659 1690 (ἔχοισα
687 1618 922 1688 μόρφαυ,
957 1623 1156 1677 Κλεῦις
1185 1617 1500 1687 ἀὙαπάτα,3

1378 1692 1390 1709 ³

196 1692 317 1744 ἀντὶ
344 1696 439 1749 τᾶς
467 1693 619 1774 ἕνγων
598 1691 722 1745 οὐδὲ
749 1691 959 1745 Λυδίαν
985 1696 1200 1745 παῖσαι]
1227 1691 1339 1745 οὐδ’
1365 1691 1593 1762 εράνναν

197 1777 445 1846 [Λέσβον
472 1779 672 1847 ἁὙρέην
699 1779 779 1848 κε]
798 1779 820 1810 4

122 1881 278 1920 τούτων
298 1882 339 1921 δὲ
361 1883 408 1921 τὸ
432 1881 507 1932 μὲν
529 1882 716 1934 δεύτερον
743 1882 871 1926 δῆλόν
898 1884 1012 1922 ἐστιν
1040 1883 1119 1922 ἀπὸ
1147 1885 1223 1928 τῆς
1251 1884 1380 1932 τομῆς
1409 1883 1472 1921 ὅτι
1501 1882 1629 1922 οὕτως

124 1940 335 1986 συγκεΐται
362 1940 412 1976 ὡς
431 1937 673 1989 προείρηται,
701 1939 745 1976 ἐκ
774 1941 848 1977 τοῦ
876 1939 1098 1990 τροχαϊκοῦ
1128 1937 1313 1988 διμέτρου
1342 1937 1475 1977 ἆκατα
1499 1936 1626 1984 ήκτου

123 1994 186 2030 καὶ
208 1994 280 2031 τοῦ
303 1994 596 2044 ἑφθημιμεροῦς
619 1993 822 2042 ιάμβικοῦ,
841 1993 889 2031 τὸ
912 1993 954 2032 δὲ
975 1995 1144 2044 πρῶτον,
1164 1992 1226 2031 διὰ
1244 1992 1294 2030 τὸ
1315 1993 1389 2044 πρὸ
1411 1994 1629 2038 συλλαβῆς

123 2047 236 2095 ἔχειν
260 2047 336 2093 τὴν
363 2048 508 2097 τομήν,
531 2047 696 2098 ἐγένετο
716 2047 1109 2099 προκαταληκτικόν,
1137 2048 1182 2086 ἐκ
1207 2049 1430 2097 τροχαϊκοῦ
1459 2048 1625 2099 ἑφθημι-

122 2102 275 2153 μεροῦς,
325 2104 333 2120 ‘
349 2101 438 2141 ἔστι
478 2119 544 2152 μοι
583 2102 690 2142 κάλα
732 2102 857 2149 πάϊς,’
897 2103 962 2141 καὶ
1003 2103 1188 2153 διμέτρου
1226 2101 1515 2149 ἆκαταλήκτου
1554 2103 1628 2141 τοῦ

128 2156 380 2208 ίχρυσίοισιν
409 2158 650 2207 ἀνθέμοισιν·
668 2161 677 2175 ²
707 2159 756 2197 τὸ
787 2157 829 2197 δὲ
863 2157 1000 2208 τρίτον
1030 2159 1071 2207 ἐξ
1100 2156 1473 2208 ὑπερκαταλήκτου,
1511 2156 1626 2197 6ἀντὶ

120 2214 194 2251 τᾶς
217 2210 407 2274 ἔγωνούδὲ
427 2214 602 2261 Λυδίαν,’
624 2213 688 2253 καὶ
709 2211 1122 2265 βραχυκαταλήκτου,
1152 2214 1162 2230 ‘
1176 2214 1311 2252 πᾶσαν
1330 2213 1410 2251 οὐδ’
1432 2211 1626 2264 ἐράνναν.’

175 2347 192 2372 ¹
223 2350 452 2400 δαύοισ(α“)ἵ’
474 2353 509 2391 Β
584 2351 601 2375 ²
631 2352 681 2399 Ε,
699 2366 728 2391 e
744 2366 779 2402 J
860 2350 878 2374 ³
910 2364 995 2390 mss
1017 2356 1152 2398 Κλεῖς,
1178 2348 1259 2388 but
1279 2349 1336 2390 H.
1362 2346 1626 2402 apparently

122 2403 224 2442 read
257 2403 422 2446 Κλέευις
443 2420 491 2445 or
524 2404 709 2446 Kne'ezzms
741 2405 862 2458 prob.
889 2404 1066 2444 abbrev.
1091 2404 1159 2443 for
1179 2416 1296 2443 some
1316 2401 1580 2471 compound
1582 2401 1628 2442 of

122 2459 242 2498 κλέος
258 2460 368 2499 with
389 2460 629 2500 alternativ
633 2474 655 2499 e
676 2461 787 2499 form
811 2457 934 2499 Κλέὶς
954 2473 1002 2498 or
1024 2462 1162 2498 Κλεΐΐς
1183 2459 1248 2507 (so
1267 2459 1337 2508 82)
1478 2457 1497 2482 ⁴
1524 2454 1619 2497 Λέσ.

120 2513 171 2560 B,
197 2513 250 2552 cf.
277 2514 443 2554 Moseh.
499 2517 614 2555 ..89
644 2517 711 2565 ἀγ.
738 2516 823 2554 Ee.
843 2528 897 2565 9.,
925 2518 1019 2566 opt.
1042 2513 1087 2553 of
1110 2514 1272 2565 ἄγρημι,
1297 2512 1350 2552 cf.
1377 2512 1480 2552 Eur.
1506 2512 1563 2551 H
1571 2511 1623 2551 F

127 2658 217 2703 ²72
