1704 2937
645 198 830 243 LYRA
881 198 1161 244 GRAECA

145 329 377 381 ὄπισθεν
421 329 588 398 ἡρῷα,
637 327 698 381 τὸ
743 328 841 396 μὲν
894 328 1184 392 Ἀλκίμου,
1237 328 1299 382 τὸ
1351 328 1407 382 δὲ
1455 327 1648 400 Ἐναρ-

145 401 358 471 σφόρου
397 401 490 454 καὶ
533 401 845 470 ἀφεστηκὸς
885 403 947 455 οὐ
986 402 1136 455 πολὺ
1178 401 1443 470 Δορκέως,
1484 401 1546 455 τὸ
1592 401 1650 454 δὲ

142 474 234 527 ἐπὶ
299 472 476 544 τούτῳ
539 473 770 543 Σεβροῦ·
865 474 1069 532 παῖδας
1134 474 1189 527 δὲ
1244 473 1650 532 Ἱπποκόωντος

143 545 281 599 εἶναι
306 546 586 614 λέγουσιν.
666 547 778 600 ἀπὸ
819 547 873 600 δὲ
907 552 1001 600 τοῦ
1029 546 1277 617 Δορκέως
1315 548 1517 613 κρήνην
1553 545 1652 613 τὴν

144 618 389 685 πλησίον
452 623 548 672 τοῦ
611 619 790 689 ἡρῴου
856 619 1137 687 Δορκείαν,
1203 619 1265 673 τὸ
1328 620 1383 672 δὲ
1447 618 1651 690 χωρίον

144 691 205 744 τὸ
272 689 508 760 Σέβριον
570 696 843 745 καλοῦσιν
905 691 1017 745 ἀπὸ
1082 696 1178 745 τοῦ
1243 691 1475 762 Σεβροῦ.
1553 695 1650 745 τοῦ

144 763 381 834 Σεβρίου
428 763 484 817 δέ
529 765 683 818 ἐστιν
728 766 782 817 ἐν
829 764 977 837 δεξιᾷ
1017 770 1201 833 μνῆμα
1240 765 1570 833 Ἀλκμᾶνος,
1609 763 1649 832 ᾧ

145 839 446 902 ποιήσαντι
473 836 702 910 ᾄσματα
730 837 883 890 οὐδὲν
909 839 960 895 ἐς
1000 836 1196 904 ἡδονὴν
1233 838 1413 890 αὐτῶν
1450 836 1650 905 ἐλυμή-

143 933 274 963 νατο
298 913 404 962 τῶν
422 910 702 962 Λακώνων
720 913 750 977 ἡ
773 911 1057 977 Γγλῶσσα,1
1073 912 1278 978 ἥκιστα
1300 909 1650 981 παρεχομένη

147 982 208 1035 τὸ
260 982 518 1050 εὔφωνον.
595 982 818 1048 Ἑλένης
870 983 925 1036 δὲ
975 982 1092 1052 ἱερὰ
1149 984 1242 1037 καὶ
1290 982 1649 1054 Ἡρακλέους,

147 1061 241 1122 τῆς
280 1055 377 1123 μὲν
416 1054 661 1121 πλησίον
701 1061 796 1109 τοῦ
836 1057 1017 1126 τάφου
1057 1061 1155 1109 τοῦ
1192 1055 1521 1123 Ἀλκμᾶνος,
1554 1059 1652 1108 τοῦ

147 1128 200 1180 δὲ
241 1129 525 1196 ε”γνγυτάτω
580 1132 677 1182 τοῦ
729 1127 963 1200 τείχους,
1005 1131 1059 1182 ἐν
1111 1129 1258 1199 αὐτῷ
1312 1128 1369 1181 δὲ
1419 1128 1651 1196 ἄγαλμα

141 1199 484 1270 (Ηρακλέους
524 1201 676 1254 ἐστὶν
711 1201 1079 1270 ὡπλισμένον·
1131 1201 1193 1254 τὸ
1230 1201 1284 1255 δὲ
1321 1206 1516 1272 σχῆμα
1555 1204 1652 1254 τοῦ

145 1273 469 1341 ἀγάλματος
511 1273 598 1327 διὰ
644 1273 742 1339 τὴν
784 1275 918 1342 πρὸς
963 1273 1350 1328 Ἱπποκόωντα
1394 1274 1489 1327 καὶ
1529 1273 1653 1329 τοὺς

146 1345 351 1403 παῖδας
373 1345 562 1419 μαχὴν
587 1347 843 1414 ’γενέσθαι
870 1346 1119 1416 λέγουσι.

214 1436 334 1482 Ath.
359 1437 434 1483 14.
461 1437 597 1483 638e
652 1430 745 1483 καὶ
775 1429 799 1483 ὁ
829 1430 953 1488 τοὺς
982 1430 1242 1488 Εἴλωτας
1264 1429 1320 1482 δὲ
1339 1427 1655 1492 πεποιηκώς

150 1508 337 1574 φησιν·

221 1596 288 1649 τὰ
316 1594 668 1668 Στησιχόρου
697 1620 754 1650 τε
783 1597 871 1650 καὶ
903 1598 1218 1665 Ἀλκμᾶνος
1246 1595 1547 1664 Σιμωνίδου
1575 1615 1632 1646 τε

219 1672 456 1741 ἀρχαῖον
540 1669 753 1724 ἀείδειν.
874 1668 899 1723 ὁ
986 1669 1042 1723 δὲ
1128 1669 1454 1737 Γνήσιππος
1540 1665 1654 1720 ἔστ’

369 1742 584 1796 ἀκούειν
626 1785 635 1795 .
682 1784 691 1795 .
736 1786 744 1794 .

215 1842 351 1890 Suid.
396 1836 730 1907 Φιλόχορος·
793 1878 802 1889 .
867 1878 876 1888 .
941 1877 951 1888 .
1011 1836 1258 1907 ἔγραψεν
1315 1876 1325 1887 .
1385 1875 1396 1886 .
1459 1875 1469 1887 .
1530 1832 1656 1903 περὶ

146 1909 478 1976 Ἀλκμᾶνος.

214 2000 336 2047 Ath.
374 2001 447 2045 14.
485 2000 629 2046 6463
704 1991 898 2057 ὁμοίως
934 1993 1026 2046 καὶ
1071 1991 1350 2055 Σωσίβιος
1393 1991 1448 2042 ἐν
1490 1988 1656 2059 τρίτῳ

148 2068 285 2138 Περὶ
320 2068 649 2131 Ἀλκμᾶνος.
1493 2105 1496 2108 .

217 2158 392 2221 steph.
423 2157 538 2220 Byz.
617 2149 874 2218 Ἀράξαι·
908 2189 919 2201 .
952 2190 962 2201 .
995 2189 1005 2200 .
1037 2149 1106 2204 ὡς
1130 2144 1493 2214 Ἀλέξανδρος
1518 2146 1654 2213 Κορ-

148 2227 333 2291 νήλιος
378 2226 433 2277 ἐν
473 2229 547 2294 τῷ
595 2222 720 2291 περὶ
759 2223 878 2274 Τῶν
923 2219 1052 2291 παρ’
1097 2219 1376 2287 Ἀλκμᾶνι
1405 2219 1657 2273 Τοπικῶς

149 2297 476 2368 Εἵρημένων.

223 2385 394 2447 Heph.
449 2384 544 2430 138
609 2398 667 2428 π.
720 2373 981 2441 Σημείων·
1061 2373 1094 2439 ἡ
1141 2371 1196 2424 δὲ
1242 2370 1414 2436 διπλῆ
1467 2370 1499 2436 ἡ
1553 2368 1655 2436 ἔξω

151 2452 453 2516 βλέπουσα
516 2448 671 2516 παρὰ
732 2446 828 2515 μὲν
890 2451 1005 2502 τοῖς
1069 2447 1327 2511 κωμικοῖς
1391 2442 1481 2495 καὶ
1545 2444 1658 2498 τοῖς

155 2529 434 2594 τραγικοῖς
485 2522 606 2576 ἐστὶ
657 2519 864 2586 πολλή,
917 2517 1070 2588 παρὰ
1129 2516 1184 2569 δὲ
1242 2519 1354 2573 τοῖς
1410 2516 1656 2584 λυρικοῖς

155 2597 389 2650 σπανία·
433 2594 586 2665 παρὰ
615 2595 871 2661 Αλκμᾶνι
897 2594 1028 2659 «γοῦν
1057 2588 1385 2660 εὑρίσκεται·
1426 2585 1656 2657 ’γράψας

156 2694 219 2750 48
