1704 2937
646 213 832 260 LYRA
881 216 1162 263 GRAECA

222 345 400 395 Them
445 347 525 396 Or.
571 350 647 399 13
684 367 731 412 p.
769 351 962 401 170d.
1056 392 1065 401 .
1144 347 1236 400 καὶ
1279 347 1339 402 τὸ
1379 347 1553 402 καλὸν
1597 348 1654 403 δὲ

150 412 283 466 αὐτὸ
312 413 413 467 σὺν
441 419 507 484 τῇ
535 416 770 491 ἀληθεία
798 419 971 473 καλόν
1012 422 1149 480 ἐστι,
1177 420 1383 491 ψεῦδος
1412 421 1467 474 δὲ
1498 421 1654 475 οὐδὲν

149 485 340 547 καλόν,
371 487 492 540 οὔτε
533 475 757 543 θωπεια
785 494 906 545 οὔτε
940 492 1224 546 κολακεία.
1301 492 1533 564 Σαπφοῖ
1555 494 1652 562 μὲν
1687 537 1690 539 -

149 558 255 650 «γὰρ
284 561 376 613 καὶ
404 561 760 632 Ἀνακρέοντι
791 570 1187 655 συνγχξοροῦμεν
1225 566 1490 636 ἀμέτρους
1515 566 1652 620 εἶναι

150 632 242 684 καὶ
282 633 646 703 ὑπερμέτρους
688 637 742 688 ἐν
781 642 893 694 τοῖς
934 638 1176 695 ἐπαίνοις
1217 642 1324 692 τῶν
1360 639 1648 692 παιδικῶν·

149 705 424 771 σωμάτων
461 706 566 775 «γὰρ
606 708 748 778 η’ρων
789 710 1078 764 ἰδιωτικῶν
1105 712 1314 765 ἰδιῶται
1356 714 1447 765 καὶ
1481 712 1653 769 οὐδεὶς

149 776 392 836 κίνδυνος
442 780 579 846 ἐπην
633 781 680 833 εἰ
729 784 1063 853 χαυνωθεῖεν
1117 783 1222 836 ὑπὸ
1275 788 1373 837 τοῦ
1424 783 1653 838 ἐπαίνου

149 851 334 908 αὐτοῖς
375 850 423 903 οἱ
462 852 732 921 ἐρώμενοι.
810 857 1045 910 ἐνταῦθα
1073 856 1128 909 δὲ
1166 857 1467 921 βασιλικὸς
1497 857 1596 927 μὲν
1625 857 1651 911 ὁ

149 923 296 994 ἔρως,
324 925 625 987 βασιλικὸς
654 926 762 980 δὲ
738 951 763 980 ο
792 929 1053 999 ἐρώμενος
1096 971 1105 982 .
1151 971 1160 982 .
1205 971 1215 982 .

222 1023 355 1072 Plut
413 1024 543 1073 RIzzs.
606 1027 664 1073 16
741 1022 835 1075 καὶ
886 1024 917 1090 ἡ
972 1023 1314 1094 ΝῙιξολύδιος
1367 1023 1653 1095 (ἁρμονία)

148 1092 430 1159 παθητικη
466 1092 545 1150 τίς
574 1094 695 1147 ἐστι
735 1095 1064 1166 τραὙῳδίαις
1093 1095 1425 1166 ἁρμόζουσα.
1503 1099 1648 1167 Ἀ-ρι

149 1164 402 1231 στόξενος
448 1164 504 1218 δέ
545 1171 687 1236 φησι
723 1168 942 1238 Σαπφὼ
985 1169 1208 1239 πρώτην
1249 1170 1515 1240 εὕρασθαι
1555 1168 1652 1237 τὴν

149 1236 543 1306 Ἀίίξολυδιστί,
575 1239 701 1309 παρ’
729 1241 790 1307 ἧς
814 1241 939 1298 τοὺς
966 1241 1410 1312 τραγῳδοποιους
1436 1243 1649 1311 μαθεῖν.

222 1338 345 1386 Ath.
376 1340 449 1384 14.
482 1339 621 1385 635e
699 1334 791 1387 καὶ
820 1334 917 1401 τὴν
946 1333 1163 1402 Σαπφὼ
1204 1334 1260 1388 δέ
1286 1340 1460 1405 φησιν
1496 1335 1653 1393 οὗτος

152 1403 200 1472 (ὁ
243 1405 567 1477 Μέναιχμος
607 1405 632 1460 ὁ
685 1404 978 1465 Σικυώνιος
1019 1410 1073 1461 ἐν
1113 1411 1224 1464 τοῖς
1277 1408 1415 1476 Περὶ
1463 1410 1650 1479 Τεχνι-

149 1479 333 1548 τῶν).
379 1520 389 1531 .
434 1520 444 1532 .
486 1502 710 1551 πρωτην
736 1480 1120 1553 χρησασθαιτ
1091 1485 1156 1550 τῇ
1185 1480 1425 1546 πηκτίδι.

222 1580 357 1627 Ibid.
413 1582 486 1630 13.
542 1582 689 1627 5990
766 1574 1105 1642 Χαμαιλεών
1158 1574 1212 1627 δὲ
1268 1577 1324 1628 ἐν
1376 1580 1450 1645 τῷ
1516 1575 1654 1644 Περὶ

149 1646 415 1718 Σαπφοῦς
458 1689 468 1700 .
513 1689 523 1701 .
569 1690 579 1701 .

224 1749 362 1797 Suid.
437 1744 669 1812 Δράκων
698 1738 1107 1813 Στρατονικεύς·
1142 1741 1523 1812 «γραμματικός
1553 1784 1563 1795 .
1596 1784 1606 1794 .
1639 1784 1650 1794 .

150 1818 288 1888 Περὶ
315 1820 421 1870 τῶν
448 1817 715 1887 Σαπφοῦς
742 1815 992 1886 Μέτρων.

225 1918 369 1966 Phot.
407 1917 532 1965 Bibl.
612 1910 1003 1978 c'cvefyvaSHnffav
1043 1908 1268 1976 ἐκλοΎαὶ
1309 1907 1563 1979 διάφοροι
1596 1909 1651 1961 ἐν

150 1985 406 2050 βιβλίοις
448 1983 528 2049 ιβ’
581 1980 888 2051 Σωπάτρου
933 1985 1224 2052 σοφιστοῦ.
1302 1980 1653 2035 συνείλεκται

154 2057 209 2110 δὲ
261 2060 408 2128 αὐτῷ
463 2057 523 2111 τὸ
567 2055 800 2122 βιβλίον
851 2056 908 2107 ἐκ
955 2058 1185 2108 πολλῶν
1237 2054 1329 2106 καὶ
1379 2052 1654 2124 διαφόρων

152 2130 411 2201 ἱστοριῶν
473 2130 565 2183 καὶ
629 2128 966 2199 *γραμμάτων
1021 2168 1086 2180 ..
1130 2168 1140 2179 .
1197 2124 1223 2179 ὁ
1287 2126 1344 2179 δὲ
1407 2125 1652 2197 δεύτερος

152 2205 410 2271 (λόγος)’
395 2203 453 2256 ἐκ
482 2226 539 2256 τε
567 2205 675 2255 τῶν
700 2198 984 2269 Σωτηρίδα
1010 2198 1315 2269 Παμφίλης
1341 2198 1654 2268 Ἐπιτομῶν

153 2277 374 2344 πρώτου
417 2275 589 2344 λόγου
632 2315 642 2327 .
689 2315 699 2327 .
742 2314 752 2326 .
794 2273 887 2326 καὶ
928 2274 988 2325 ἐκ
1031 2275 1138 2325 τῶν
1175 2271 1513 2343 Αρτέμωνος
1553 2275 1651 2324 τοῦ

153 2350 454 2417 Μάγνητος
497 2351 605 2401 τῶν
655 2345 792 2400 Κατ’
840 2345 1066 2415 Ἀρετὴν
1119 2345 1341 2412 Γυναιξὶ
1388 2347 1651 2414 He‘rrpa‘y-

152 2421 500 2490 ματευμένων
564 2419 949 2487 Διηνγημάτων,
1013 2418 1092 2471 ἔτι
1157 2417 1210 2469 δὲ
1275 2417 1369 2470 καὶ
1419 2418 1478 2468 ἐκ
1543 2420 1651 2470 τῶν

209 2571 225 2596 1
254 2585 324 2611 see
345 2571 435 2610 also
456 2571 568 2610 Ihm,
595 2572 661 2610 ΩΟ,
682 2571 733 2610 36
842 2567 858 2592 ²
889 2568 1075 2607 Gratian
1186 2566 1202 2590 ³
1230 2566 1428 2606 ascribed
1448 2566 1651 2606 however

155 2626 268 2666 Ibid.
294 2628 345 2666 ‘28
370 2634 416 2665 to
441 2625 694 2677 Terpander
859 2623 873 2647 4
905 2637 929 2661 a
951 2621 1058 2661 kind
1079 2620 1123 2660 of
1148 2621 1242 2673 lyre
1262 2621 1422 2673 played
1443 2622 1552 2661 with
1573 2621 1650 2661 the

164 2707 254 2764 178
