1704 2937
599 216 784 263 LYRA
836 217 1114 264 GRAECA

100 349 410 407 epigramma
458 345 708 392 Graecum
757 346 1020 409 pernobile
1070 351 1282 394 incisum
1331 347 1509 394 habuit
1555 351 1608 394 in

100 415 220 470 basi,
247 413 381 475 quod
406 416 503 460 iste
529 414 756 460 eruditus
784 415 935 460 homo
962 421 1016 461 et
1042 415 1335 473 Graeculus,
1362 419 1447 479 qui
1480 415 1606 462 haec

99 481 354 528 subtiliter
377 481 580 540 iudicat,
599 485 683 544 qui
710 482 844 528 solus
864 483 1126 545 intelligit,
1144 487 1183 530 si
1210 501 1360 530 unam
1384 484 1607 530 litteram

102 550 347 595 Graecam
381 553 573 608 scisset,
599 557 737 596 certe
764 567 867 596 non
893 551 1220 614 reliquisset.1
1292 568 1428 598 nunc
1454 555 1607 608 enim,

100 617 232 680 quod
259 620 556 680 inscriptum
577 624 656 664 est
680 621 818 664 inani
845 622 896 664 in
923 619 1045 677 basi,
1062 619 1288 666 declarat
1307 619 1429 683 quid
1453 619 1609 666 fuerit

101 693 154 732 et
178 685 230 731 id
252 686 476 732 ablatum
502 686 709 735 indicat.

175 770 325 818 Dion.
357 771 474 818 Hal
504 770 640 818 Dem.
670 771 732 817 40
784 787 815 828 η
847 764 902 817 δὲ
929 764 1065 832 μετὰ
1095 763 1299 830 ταύτην
1326 763 1609 836 (ἁρμονία)

103 839 130 903 ἡ
159 836 424 908 γλαφυρὰ
454 837 544 890 καὶ
573 836 831 908 θεατρικη
859 837 951 890 καὶ
979 837 1039 891 τὸ
1067 837 1291 907 κομψὸν
1311 837 1602 906 αἱρουμένη

102 910 207 981 πρὸ
236 915 331 964 τοῦ
366 915 567 979 σεμνοῦ
601 911 845 976 τοιαύτη·
877 909 1157 978 ὀνομάτων
1194 910 1298 964 αἰεὶ
1334 912 1607 975 βούλεται

101 983 413 1051 λαμβάνειν
466 983 533 1036 τὰ
583 982 849 1037 λειότατα
899 983 995 1036 καὶ
1052 983 1455 1051 μαλακώτατα,
1509 1007 1608 1050 την

102 1057 372 1127 εὐφωιίαν
410 1055 694 1127 θηρωμένη
735 1055 828 1108 καὶ
869 1055 965 1123 τὴν
1006 1055 1304 1122 εὐμέλειαν,
1334 1057 1394 1124 ἐξ
1425 1057 1606 1110 αὐτῶν

105 1129 160 1183 δὲ
203 1129 262 1182 τὸ
307 1128 421 1197 ἠδυ.
499 1129 690 1183 ἔπειτα
735 1130 839 1218 οὐχ
882 1130 950 1186 ὡς
996 1129 1217 1218 ἔτυχεν
1231 1130 1378 1198 ἀξιοῖ
1428 1134 1608 1182 ταῦτα

105 1202 309 1255 τιθέναι
347 1201 467 1254 οὐδὲ
500 1201 930 1291 ἀπερισκέπτως
971 1200 1368 1272 συναρμόττειν
1401 1201 1606 1271 θάτερα

106 1279 217 1332 τοῖς
246 1274 458 1339 ἑτέροις,
484 1274 636 1327 ἀλλὰ
665 1273 1022 1344 διακρίνουσα
1051 1273 1118 1327 τὰ
1140 1279 1276 1328 ποῖα
1300 1279 1412 1332 τοῖς
1432 1274 1609 1333 ποίοις

104 1346 518 1418 παρατιθέμενα
572 1347 1009 1417 μουσικωτέρους
1072 1370 1250 1400 ποιειν
1314 1346 1606 1415 δυνήσεται

105 1421 228 1477 τοὺς
280 1421 466 1491 ἤχους,
511 1421 604 1474 καὶ
656 1424 952 1473 σκοποῦσα
1003 1419 1147 1472 κατὰ
1200 1423 1359 1474 ποῖον
1411 1425 1608 1491 σχῆμα

103 1493 388 1564 ληφθέντα
418 1492 782 1564 χαριεστέρας
818 1492 1147 1546 ἀποτελέσει
1188 1492 1284 1550 τὰς
1323 1492 1606 1561 συζυγίας,

104 1589 274 1623 ουτως
338 1565 733 1636 συναρμόττειν
790 1566 1002 1618 ἕκαστα
1058 1587 1328 1635 πειραται,
1383 1567 1605 1632 πολλὴν

106 1639 322 1709 σφόδρα
357 1638 652 1705 ποιουμένη
689 1638 954 1709 φροντίδα
987 1643 1082 1692 τοῦ
1114 1638 1489 1709 συνέχεσθαιο
1515 1639 1608 1692 καὶ

107 1713 478 1781 συνηλεῖφθαι
512 1711 603 1765 καὶ
634 1715 926 1782 προπετεῖς
960 1711 1221 1764 απάντων
1254 1712 1435 1765 αὐτῶν
1469 1711 1607 1764 εἶναι

106 1784 203 1841 τὰς
241 1784 501 1854 ἁρμονίας
543 1826 553 1837 .
598 1826 607 1838 .
652 1825 661 1836 .
705 1783 938 1837 τοιαῦτά
977 1783 1101 1837 τινά
1136 1806 1228 1853 μοι
1269 1784 1364 1837 καὶ
1406 1783 1609 1850 ταύτης

106 1858 244 1911 εἶναι
308 1856 561 1926 φαίνεται
625 1856 1114 1928 χαρακτηριστικα
1175 1862 1269 1923 τῆς
1328 1856 1602 1926 ἁρμονίας.

109 1929 531 1999 παραδείὙματα
583 1929 626 1981 δ’
680 1930 846 1997 αὐτης
906 1934 1170 1997 ποιοῦμαι
1219 1933 1460 1994 ποιητῶν
1510 1930 1608 1997 μὲν

105 2002 367 2056 (Ησίοδόν
403 2025 460 2055 τε
497 2001 588 2055 καὶ
626 1998 843 2072 Σαπφὼ
877 2003 969 2055 καὶ
997 2001 1389 2070 Ἀνακρέοντα,
1418 2006 1524 2054 τῶν
1552 2001 1608 2054 δὲ

110 2080 244 2143 πεζῇ
281 2074 428 2142 λέξει
463 2075 828 2145 χρησαμένων
862 2074 1186 2145 Ἰσοκράτην
1223 2098 1281 2128 τε
1316 2074 1409 2128 τὸν
1439 2074 1605 2140 Ἀθη-

108 2152 257 2202 ναῖον
284 2148 378 2200 καὶ
406 2147 530 2204 τοὺς
557 2147 743 2218 ἐκείνῳ
772 2148 1219 2214 πλησιάσαντας.

181 2237 412 2285 Demetr.
440 2237 570 2285 Eloc.
601 2238 694 2284 132
748 2230 816 2282 τὰ
841 2231 940 2298 μὲν
965 2231 1059 2283 οὖν
1087 2230 1200 2296 εἴδη
1229 2233 1336 2283 τῶν
1361 2230 1608 2300 χαρίτων

107 2304 310 2357 τοσάδε
337 2305 428 2357 καὶ
457 2303 654 2358 τοιάδε.
731 2303 871 2356 εἰσιν
899 2303 953 2356 δὲ
981 2303 1040 2356 αἱ
1067 2303 1165 2371 μὲν
1192 2303 1245 2356 ἐν
1284 2307 1396 2358 τοῖς
1431 2303 1606 2372 πράγ-

106 2400 245 2444 μασι
309 2376 573 2487 χάριτεςς
595 2377 709 2430 οἷον
773 2379 1036 2445 νυμφαῖοι
1098 2381 1282 2443 κῆποι,
1345 2373 1605 2443 ὑμέναιοι,

107 2450 313 2518 ἔρωτες,
343 2450 446 2516 ὅλη
475 2475 506 2517 η
534 2449 800 2520 Σαπφοῦς
829 2447 1067 2514 ποίησις.
1146 2446 1215 2500 τὰ
1240 2447 1346 2517 γὰρ
1375 2451 1607 2500 τοιαῦτα

162 2571 178 2596 ¹
208 2585 293 2612 mss
312 2574 541 2613 sustulisset
562 2573 702 2612 which
727 2586 842 2612 some
864 2572 962 2612 edd.
984 2572 1110 2624 keep,
1129 2571 1311 2624 reading
1331 2585 1420 2611 una
1439 2571 1506 2611 for
1525 2584 1609 2611 7ιο7ι

111 2627 127 2651 ²
158 2640 243 2666 mss
266 2626 394 2677 συνέξ.

44 2751 49 2755 ,
114 2720 203 2764 172
