1704 2937
590 204 677 250 LY
688 205 724 251 R
735 206 778 250 A
827 205 1109 253 GRAECA

171 331 366 400 Ἀνέρα
395 331 469 400 μὴ
497 332 669 404 πέτρῃ
698 336 999 407 τεκμαίρεο
1076 336 1230 396 λιτὸς
1259 336 1285 391 ὁ
1313 338 1522 407 τύμβος

244 405 499 475 ὀφθῆναι,
529 407 775 473 μεγάλου
804 409 847 461 δ’
878 410 1046 463 ὀστέα
1075 410 1254 478 φωτὸς
1286 411 1412 482 ἔχει.

170 477 403 544 εἰδησεις
429 480 742 546 Ἀλκμᾶνα,
771 481 941 553 λύρης
969 484 1216 553 ἐλατῆρα
1241 483 1522 550 Λακαίνης

240 550 449 623 ἔξοχον,
480 551 538 604 ὃν
567 553 892 606 Movere-'mv'
869 554 995 608 εννέ’
1024 556 1296 625 ἀριθμὸς’
1280 557 1410 627 ε’χει.
1416 557 1438 589 1

165 627 344 676 κεῖται
331 574 417 674 χ’(ἳ
444 623 685 693 ἠπείροις
714 625 1008 695 διδύμοις’
981 651 1086 697 ερις
1113 629 1211 682 εἴθ’
1239 629 1268 682 ὅ
1293 652 1355 697 «γε
1380 628 1574 690 Λυδός,

237 698 344 749 εἴτε
371 697 588 750 Λάκων·
620 701 831 753 πολλαι
857 701 1084 769 μητέρες
1112 702 1455 770 ὑμνοπόλων.

158 789 362 836 Hel-‚acl
417 791 563 838 Pont.
611 792 716 839 Pol.
771 795 797 839 2
878 786 903 840 6
956 788 1210 855 Ἀλκμὰν
1265 789 1475 857 οἰκετὴς
1533 790 1598 856 ἠν

87 856 380 924 ἈΎησίδα,
410 858 613 928 εὐφυὴς
641 859 756 913 δὲ
727 884 798 914 ων
825 860 1183 930 ἐλευθερώθη.

152 949 334 997 Euseb.
371 951 502 1015 S.ync
544 953 787 1000 40314:
826 955 905 1002 Ol.
958 956 1036 1001 42.
1075 955 1101 999 2
1159 947 1412 1017 Ἀλκμὰν
1451 951 1594 1002 κατά

86 1039 236 1075 τινας
264 1018 601 1089 ἐγνωρίζετο.

151 1112 273 1160 Ath.
304 1114 379 1160 15.
404 1112 548 1160 6781)
585 1109 668 1176 [π.
700 1110 1043 1179 στεφάνων];
1082 1107 1412 1176 θυρεατικοί·
1454 1110 1594 1163 οὕτω

85 1179 391 1233 καλουνταί
431 1203 570 1238 τινες
615 1181 882 1251 στέφανοι
929 1181 1081 1269 παρὰ
1119 1181 1591 1254 Λακεδαιμονίοις,

87 1252 154 1308 ὥς
190 1256 332 1322 φησι
369 1252 701 1316 Σωσίβιος’
677 1277 730 1307 εν
760 1259 873 1311 τοῖς
909 1277 1033 1325 περι
1062 1257 1303 1315 Θυσιῶν,
1332 1255 1593 1324 ψιλίνους

84 1324 282 1384 αὐτοὺς
311 1326 544 1416 φάσκων
582 1331 675 1380 νῦν
712 1327 1094 1396 ὀνομάζεσθαι,
1131 1329 1291 1385 ὄντας
1325 1329 1384 1380 ἐκ
1419 1328 1591 1398 φοινί-

85 1420 211 1451 κων.
259 1398 467 1490 φέρειν
488 1398 546 1452 δὲ
587 1401 785 1457 αὐτοὺς
829 1400 1121 1468 ὑπόμνημα
1168 1405 1263 1467 τῆς
1307 1402 1362 1454 ἐν
1409 1400 1593 1474 Θυρέα

83 1471 370 1538 «γενομένης
415 1470 565 1537 νίκης
612 1494 736 1531 τους
790 1473 1110 1543 προστάτας
1162 1477 1270 1526 τῶν
1311 1473 1592 1541 ἀγομένων

82 1547 266 1613 χορῶν
293 1546 347 1597 ἐν
375 1549 440 1614 τῇ
471 1545 629 1615 ἑορτῇ
664 1544 853 1613 ταύτῃ,
884 1546 973 1598 ὅτε
1008 1546 1102 1598 καὶ
1140 1546 1237 1603 τὰς
1279 1548 1588 1614 Γυμνοπαι-

84 1615 200 1672 Blae
229 1617 601 1671 ἐπιτελοῦσιν.
649 1640 807 1689 χοροι
837 1618 879 1671 δ’
904 1618 1010 1671 εἰσὶ
1031 1618 1127 1686 <Ὑ’
1136 1636 1197 1678 >,
1221 1617 1246 1672 6
1273 1617 1372 1687 μὲν
1394 1618 1586 1688 πρόσω

83 1688 308 1749 παίδων,
340 1688 414 1742 <ὁ
450 1688 493 1742 δ’
534 1692 593 1743 ἐκ
631 1690 808 1759 δεξιου
842 1690 1177 1761 Ὑερόντων>,
1219 1690 1245 1744 ὁ
1286 1691 1327 1743 δ’
1367 1692 1428 1757 ἐξ
1466 1692 1582 1761 ἀρι·

81 1766 280 1831 στεροῦ
308 1762 561 1833 ἀνδρῶν,2
599 1768 818 1831 «γυμνῶν
847 1763 1190 1835 ὀρχουμένων
1229 1764 1321 1817 καὶ
1347 1762 1587 1818 (ἰδόντων

82 1836 319 1900 Θαλητᾶ
359 1835 451 1888 καὶ
478 1835 790 1904 Ἀλκμᾶνος
833 1836 1060 1908 ἅσματα
1100 1837 1193 1890 καὶ
1232 1836 1358 1894 τοὺς
1395 1840 1584 1905 Διονυ-

80 1906 313 1961 σοδότου
343 1931 441 1961 του
467 1909 727 1966 Λάκωνος
753 1914 1009 1967 παιᾶνας.

147 2001 300 2048 Arist.
330 2001 399 2049 H.
409 2002 463 2048 A.
494 2000 588 2049 557
648 2019 683 2049 α
717 2002 737 2048 1
773 1998 854 2065 [π.
885 1996 1300 2067 φθειριάσεωςίΙῑ
1342 1994 1500 2053 ἐνίοις
1526 1995 1583 2049 δὲ

79 2071 240 2121 τοῦτο
297 2068 594 2137 συμβαίνει
658 2073 764 2122 τῶν
817 2070 1120 2140 ἀνθρώπων
1178 2068 1392 2137 νόσημα
1449 2069 1580 2122 ὅταν

83 2140 321 2210 ὑγρασια
350 2141 539 2209 πολλὴ
562 2143 618 2194 ἐν
639 2146 713 2211 τῷ
744 2142 959 2209 σώματι
980 2143 1030 2211 ᾖ.
1083 2142 1174 2195 καὶ
1204 2141 1583 2212 διεφθάρησάν

78 2235 216 2271 τινες
247 2215 347 2282 ἤδη
385 2218 581 2268 τοῦτον
615 2215 708 2267 τὸν
744 2214 949 2283 τρόπον
978 2215 1165 2304 ὥσπερ
1190 2213 1483 2279 Ἀλκμᾶνά
1519 2213 1578 2267 τέ

79 2290 223 2356 φασι
253 2286 347 2339 τὸν
373 2286 606 2354 ποιητὴν
634 2287 726 2340 καὶ
753 2287 1064 2357 Φερεκύδην
1091 2287 1185 2340 τὸν
1213 2283 1423 2357 Σύριον.

146 2375 285 2422 Paus
327 2377 369 2423 3
415 2378 488 2423 15.
521 2378 542 2423 1
588 2374 671 2441 [π.
700 2369 1002 2444 Σπάρτης]·
1040 2374 1160 2427 ἔστι
1187 2372 1243 2426 δὲ
1269 2377 1365 2440 τῆς
1391 2375 1577 2433 στοᾶς,

73 2466 107 2509 η
172 2442 325 2511 παρὰ
389 2443 483 2497 τὸν
541 2448 944 2499 Πλατανιστᾶν
1003 2445 1318 2511 πεποίηται,
1376 2443 1579 2511 ταύτης

129 2556 293 2609 ²perh.
320 2559 365 2599 ὃς
387 2559 582 2600 Μουσέων
602 2558 715 2600 ἐννέα
738 2561 926 2613 ῥυθμὸν*
905 2577 993 2611 εχει
1100 2559 1117 2584 ²
1145 2560 1287 2613 suppl.
1312 2559 1455 2600 Kaib·
1447 2591 1456 2600 .
1487 2573 1576 2600 mss

72 2612 121 2652 τὸ
141 2613 216 2661 μὲν
235 2612 358 2652 and'
343 2614 508 2665 αρίστου

73 2691 136 2746 46
