1704 2937
611 177 797 225 LYRA
849 179 1129 225 GRAECA

181 307 271 353 Ov.
302 308 395 370 El).
428 310 500 354 15.
533 309 622 355 201

246 396 506 454 Lesbides,
533 398 776 445 infamem
802 416 931 462 quae
957 416 1039 446 me
1067 398 1256 446 fecistis
1281 415 1467 456 amore,

314 465 533 512 desinite
559 466 622 511 ad
648 467 863 514 citharas
889 469 1038 514 turba
1063 471 1234 513 venire
1261 484 1415 516 meas.

185 572 340 622 Arist.
368 573 457 619 Rh.
491 575 617 619 1398
641 575 671 620 b
748 569 949 625 πάντες
978 568 1103 625 τοὺς
1133 568 1339 637 σοφοὺς
1367 571 1617 636 τιμῶσιν·

112 639 316 709 Πάριοι
342 645 473 707 «γοῦν
500 640 843 712 Ἀρχίλοχον
872 640 1074 710 καίπερ
1102 643 1450 711 βλάσφημον
1487 641 1620 693 ὄντα

114 714 461 780 τετιμήκασι,
491 715 584 766 καὶ
612 718 740 766 Χῖοι
767 714 1021 783 ”Ομηρον
1053 715 1151 766 οὐκ
1193 715 1326 766 ὄντα
1363 712 1619 778 πολίτην,

115 786 208 838 καὶ
245 788 618 851 λΙυτιληναῖοι
659 783 877 855 Σαπφὼ
917 786 1116 856 καίπερ
1152 790 1389 854 ’γυναῖκα
1427 786 1619 846 οὖσαν,

115 858 210 910 καὶ
236 859 659 926 Λακεδαιμόνιοι
686 859 915 912 Χίλωνα
938 863 1046 912 τῶν
1065 859 1332 929 γερόντων
1353 857 1622 924 ἐποίησαν

115 932 321 996 ἥκιστα
352 932 650 1001 φιλόλογοι
679 933 826 988 ὄντες
869 974 878 984 .
925 974 934 984 .
981 974 990 984 .

192 1052 313 1100 Poll.
345 1054 389 1100 9.
419 1054 480 1098 84
561 1050 938 1111 Μυτιληναῖοι
976 1046 1193 1116 Σαπφὼ
1223 1050 1298 1116 τῷ
1328 1044 1624 1114 νομίσματι

117 1121 539 1190 ἐνεχαράξαντο.

192 1241 333 1289 Anile.
385 1242 492 1289 Pal.
547 1240 592 1289 7.
648 1242 707 1286 14
797 1233 1174 1304 Ἀντιπάτρου
1227 1230 1491 1291 Σιδωνίου
1551 1233 1625 1289 εἰς

118 1305 336 1380 Σαπφὼ
364 1310 461 1375 τὴν
491 1306 880 1372 λῙντιληναίαν
911 1307 1006 1374 τὴν
1034 1308 1283 1375 λυρικήν·

118 1412 338 1483 Σαπφώ
407 1435 491 1464 τοι
563 1413 784 1471 κεύθεις,
850 1412 1002 1482 χθὼν
1075 1411 1254 1472 Αἰολί,
1322 1410 1422 1464 τὰν
1488 1408 1627 1478 μετὰ

269 1485 526 1543 Μούσαις

194 1558 494 1615 ἀθανάταις
523 1557 726 1611 θνατὰν
757 1560 997 1610 λῙοῦσαν
1025 1556 1355 1625 ἀειδομέναν,

120 1631 184 1683 ἂν
239 1631 450 1701 Κύπρις
495 1631 589 1683 καὶ
626 1631 800 1700 ’Έρως
844 1628 1041 1697 σννάμ’
1086 1630 1341 1700 ἔτραφον,
1387 1627 1450 1686 ἇς
1488 1628 1629 1697 μέτα

271 1703 456 1756 Πειθὼ

196 1776 386 1829 ἔπλεκ’
416 1774 640 1841 ἀείζωον
667 1775 937 1845 Πιερίδων
966 1774 1259 1844 στέφανον,

119 1849 354 1902 Ἑλλάδι
382 1849 480 1916 μὲν
509 1848 727 1918 τέρψιν,
757 1849 848 1901 σοὶ
876 1847 932 1900 δὲ
959 1847 1133 1905 κλέος.
1212 1846 1252 1899 ὧ
1280 1847 1590 1915 τριέλικτον

195 1924 403 1991 Μοῖραι
432 1922 675 1974 δινεῦσαι
704 1926 846 1989 νῆμα
873 1920 993 1973 κατ’
1023 1919 1330 1986 ἠλακάτας,

122 1998 237 2050 πῶς
265 1996 364 2048 οὐκ
391 1995 722 2047 ἐκλώσασθε
748 1994 1098 2058 πανάφθιτον
1125 1992 1271 2060 ἦμαρ
1298 1991 1463 2063 ἀοιδῷ

199 2067 411 2138 ἄφθιτα
440 2066 731 2140 μησαμένα
760 2065 882 2136 δῶρ’
909 2064 1316 2118 Ἑλικωνιάδων
1339 2088 1355 2126 ;

201 2190 327 2239 Plat.
358 2190 562 2237 Plzaedr.
594 2188 739 2235 2351>
817 2178 931 2236 ΣΩ.
968 2184 1144 2234 Τοῦτο
1180 2180 1286 2248 ἐγώ
1322 2202 1413 2233 σοι
1451 2178 1631 2233 οὐκέτι

127 2259 235 2314 οἷος
275 2258 320 2310 τ’
356 2257 555 2324 ἔσομαι
596 2255 879 2308 πίθεσθαι·
912 2253 1148 2306 παλαιοὶ
1186 2252 1294 2322 γὰρ
1331 2253 1426 2305 καὶ
1463 2251 1632 2320 σοφοὶ

127 2332 314 2400 ἄνδρες
342 2353 400 2382 τε
427 2330 521 2382 καὶ
555 2332 808 2396 Γγυναῖκες
848 2327 971 2396 περὶ
1011 2327 1191 2378 αὐτῶν
1227 2323 1500 2394 εἰρηκότες
1539 2323 1631 2377 καὶ

127 2401 464 2473 νγενγραφότες
505 2402 860 2469 ἐξελέγξουσι
899 2422 979 2465 με,
1016 2400 1108 2451 ἐάν
1148 2420 1240 2450 σοι
1279 2396 1633 2486 χαριζόμενος

129 2478 421 2546 συγχωρῶ.
413 2477 655 2526 Η-ΦΑΙ
679 2472 830 2529 Τίνες
858 2472 1045 2525 οὗτοι·
1029 2514 1041 2532 ,
1080 2471 1173 2524 καὶ
1201 2475 1308 2524 ποῦ
1329 2473 1401 2523 σὺ
1421 2468 1630 2536 βελτίω

134 2657 224 2716 158
