1704 2937
635 184 821 232 LYRA
871 184 1152 232 GRAECA

187 319 383 358 Demetr.
406 319 512 357 Eloc.
536 319 609 360 167
633 319 703 366 (cf.
732 320 799 358 Sa.
830 319 924 366 165)
944 335 953 358 :
985 319 1124 358 ἄλλως
1146 317 1188 356 δὲ
1210 318 1388 356 σκώπτει
1411 316 1451 363 (ἡ
1474 316 1644 366 Σαπφώ)

132 376 204 412 τὸν
220 376 409 424 ἄγροικον
425 373 595 436 νυμφίον
612 376 675 412 καὶ
689 374 762 412 τὸν
779 375 952 424 θυρωρὸν
965 375 1039 412 τὸν
1053 375 1095 412 ἐν
1107 375 1193 412 τοῖς
1206 372 1350 421 ’γάμοις
1363 370 1646 410 εὐτελέστατα

132 430 194 467 καὶ
219 431 261 467 ἐν
289 429 375 467 τοῖς
402 427 535 476 vigens
567 426 735 477 ὀνόμασι
764 430 930 476 μᾶλλον
960 428 984 474 ἢ
1015 430 1058 467 ἐν
1083 430 1317 473 ποιητικοῖς.
1381 426 1488 464 ὥστε
1519 426 1644 471 αὐτῆς

131 482 293 533 μᾶλλόν
335 483 422 520 ἐστι
457 483 507 520 τὰ
539 483 742 531 ποιήματα
779 484 909 520 ταῦτα
949 483 1209 533 διαλέγεσθαι
1249 483 1272 528 ἢ
1313 479 1435 533 ᾄδειν,
1478 482 1557 519 οὐδ
1597 480 1646 518 ἂν

133 538 304 587 ἁρμόσαι
334 553 427 585 προς
461 539 534 576 των
564 537 690 588 χόρον
719 538 742 583 ἢ
773 538 871 588 πρὸς
899 537 976 583 τὴν
1011 537 1151 589 λύραν,
1186 537 1220 575 εἰ
1249 535 1304 586 μή
1339 551 1400 575 τις
1436 537 1499 581 ειη
1521 531 1645 585 χόρος

132 591 398 633 διαλεκτικός.

188 660 338 710 Sjnes.
374 659 450 708 Est.
485 658 628 696 3158
659 656 687 694 d
745 660 764 696 ὁ
788 655 830 695 δὲ
860 656 1118 707 ἀδικούμενος
1143 654 1352 708 Αρμόνιός
1377 658 1493 695 ἐστιν
1521 657 1541 693 ὃ
1570 655 1646 693 τοῦ

134 716 304 764 θυρωροῦ
339 713 486 762 πατήρ,
519 715 569 750 ὡς
600 713 649 749 ἂν
678 728 781 750 ειποι
813 713 978 763 Σαπφώ·
1043 713 1096 751 τὰ
1128 711 1204 762 μὲν
1235 713 1347 751 ἄλλα
1379 712 1553 762 σώφρων
1581 707 1646 748 καὶ

131 769 292 818 μέτριος
324 769 366 806 ἐν
394 771 448 816 τῷ
482 769 567 806 καθ’
603 767 748 805 ἑαυτὸν
785 769 861 815 βίῳ
899 765 1129 817 γενόμενος,
1166 767 1264 806 ἀλλ’
1307 763 1405 815 ὑπὲρ
1444 763 1647 815 εὐγενείας

133 825 405 874 ἀμφισβητῶν
425 821 481 871 τῷ
506 819 675 873 Κε.<ροπι
699 819 943 861 διετελεσεν.

774 1068 1001 1124 155,156

195 1156 339 1208 Heph.
376 1156 450 1197 107
478 1157 536 1204 [π.
571 1155 894 1205 ἀσυναρτήτωνῙ·
946 1156 1010 1194 καὶ
1039 1156 1088 1194 τὸ
1114 1156 1158 1194 ἐκ
1180 1158 1458 1206 χοριαμβικῶν
1479 1155 1644 1206 ἑφθημι-

134 1215 264 1263 μερῶν
284 1215 365 1250 τῶν
387 1212 442 1250 εἰς
463 1212 539 1257 τὴν
561 1211 752 1259 ιάμβικὴν
773 1209 1020 1249 κατάκλειδα
1041 1210 1065 1257 ἡ
1084 1211 1186 1257 αὐτὴ
1206 1208 1394 1261 ποιήτρια
1413 1211 1614 1261 (Σαπφώ)-

154 1317 361 1382 ’Όλβιε
387 1318 620 1386 γάμβρε,
651 1316 742 1369 σοὶ
768 1316 865 1383 μὲν
894 1315 958 1383 δὴ
980 1317 1171 1385 γάμος,
1202 1317 1270 1374 ὠς
1298 1314 1436 1387 ἄρᾶο

160 1389 516 1450 ἐκτετέλεστᾎ
544 1389 688 1460 ἔχεις
717 1389 773 1443 δὲ
800 1389 1146 1459 πάρθενον,
1118 1412 1183 1442 αν
1211 1388 1367 1459 ἄραο·

137 1521 252 1559 κᾶσθ’
275 1521 372 1559 ὅπου
387 1517 576 1570 1συνῆψε
597 1520 673 1566 τὴν
694 1519 816 1569 λέξιν·

159 1625 449 1696 μελλίχιος
471 1626 491 1657 2
522 1623 564 1677 δ’
593 1623 676 1677 ἐπ’
707 1624 946 1695 ἰμμέρτῳ
975 1624 1209 1695 κέχυται
1236 1625 1518 1695 προσώπῳ
1544 1666 1553 1676 .
1588 1666 1596 1675 .
1631 1664 1641 1675 .

850 1873 939 1922 157

193 1961 310 2000 Him.
347 1963 412 2002 Or.
452 1963 469 2000 l
531 1962 626 2012 φέρε
655 1962 724 2002 οὖν
752 1965 848 2002 εἴσω
875 1964 948 2002 τοῦ
976 1961 1156 2012 θαλάμου
1184 1962 1492 2013 παραγαγόντες
1521 1963 1644 2002 αὐτὸν

140 2017 228 2053 (τὸν
257 2014 399 2065 λόγον)
429 2017 618 2066 ἐντυχεῖν
644 2017 700 2067 τῷ
730 2017 876 2056 κάλλει
904 2020 979 2064 τῆς
1007 2017 1164 2068 νύμφης
1192 2017 1398 2067 πείσομεν·
1430 2017 1459 2056 ὦ
1483 2018 1590 2065 καλὴ
1615 2017 1644 2057 ὦ

139 2070 355 2119 χαρίεσσα·
388 2072 528 2122 πρέπει
555 2072 634 2124 γάρ
661 2087 724 2111 σοι
755 2073 807 2111 τὰ
837 2075 912 2118 τῆς
939 2072 1118 2116 Λεσβίας
1149 2073 1336 2122 ἐγκώμια.
1377 2072 1442 2112 σοὶ
1473 2071 1547 2120 μὲν
1566 2072 1645 2122 γὰρ

138 2125 377 2176 ῥοδόσφυροι
407 2126 574 2177 χάριτες
610 2129 742 2177 χρυσῆ
782 2130 817 2166 τ’
850 2126 1068 2179 Ἀφροδίτη
1107 2124 1412 2177 συμπαίζουσιν,
1437 2125 1547 2179 ’ἳΩρα
1600 2125 1644 2165 δὲ

137 2183 333 2229 λειμῶνας
353 2182 521 2231 βρύουσι
543 2197 566 2220 κ
586 2190 672 2220 τ.λ.

194 2320 209 2345 ¹
239 2320 508 2363 Thiemann:
542 2336 627 2361 mss
659 2325 722 2363 καὶ
754 2327 772 2363 ὁ
804 2327 902 2364 ποῦς
932 2337 980 2363 or
1011 2323 1266 2373 στω-λέξιν
1427 2322 1444 2347 2
1473 2324 1640 2364 Herm:

140 2388 226 2413 mss
245 2376 506 2427 μελλίχροος,
531 2378 741 2429 μελίχρος,
768 2395 907 2430 -χρως,
933 2394 1095 2430 -χρονος

194 2511 207 2534 1
236 2512 357 2564 prob.
393 2514 495 2566 only
527 2513 738 2566 Sappho’s
768 2515 871 2561 fun;
905 2514 1110 2567 moe-king
1139 2514 1216 2554 the
1246 2513 1522 2565 bridegroom
1552 2526 1642 2554 was

139 2574 241 2617 part
271 2567 315 2606 of
343 2568 420 2607 the
443 2582 673 2620 ceremony
797 2568 814 2592 2
843 2570 920 2608 the
941 2568 1115 2622 halting
1134 2568 1262 2609 effect
1282 2568 1328 2608 of
1347 2567 1425 2608 the
1444 2574 1585 2608 met-re
1605 2569 1641 2608 is

142 2658 236 2701 290
