1704 2937
691 221 875 268 LYRA
927 223 1208 270 GRAECA

264 354 391 402 Plut.
420 353 545 400 Mas.
582 357 639 400 12
719 351 838 403 ἔστι
872 350 929 404 δέ
962 375 1040 408 τις
1074 353 1166 405 καὶ
1193 352 1317 421 περὶ
1348 356 1454 406 τῶν
1478 353 1699 424 ῥυθμῶν

193 421 376 489 λόγος·
417 421 543 489 γένη
589 425 696 494 γάρ
737 446 858 476 τινα
900 424 996 477 καὶ
1035 424 1150 489 εἶ’δη
1195 425 1416 495 ῥυθμῶν
1460 431 1696 497 προσεξ-

193 494 402 563 ευρέθη,
480 496 632 548 ἀλλὰ
707 496 812 562 μὴν
883 498 976 550 καὶ
1063 502 1399 564 μελοποιιῶν
1476 521 1534 552 τε
1602 500 1697 554 καὶ

190 568 605 637 ῥυθμοποιιῶν.1
683 569 917 639 πρώτη2
959 569 1057 637 μὲν
1099 571 1207 640 γὰρ
1262 595 1292 637 η
1332 572 1693 661 Τερπάνδρου

190 639 511 708 καινοτομία
547 640 719 694 καλόν
767 665 888 695 τινα
928 642 1134 712 τρόπον
1175 643 1248 700 εἰς
1287 643 1385 710 τὴν
1423 645 1697 712 μουσικὴν

191 713 469 780 εἰσήγαγε·
490 714 894 781 Πολύμναστος
916 715 972 768 δὲ
997 715 1137 783 μετὰ
1165 720 1267 769 τοῦ
1288 716 1694 787 Γερπανδρείου

190 785 398 856 τρόπου
475 791 642 857 καινῷ
667 789 687 819 3
754 789 1053 858 ἐχρησατο,
1119 789 1214 842 καὶ
1280 789 1442 846 αὐτὸς
1509 790 1694 858 μέντοι

191 858 386 930 ἐχόμει
390 881 447 915 ος
476 882 572 912 Του
599 865 775 913 καλοῦ
797 861 989 914 τύπου.

263 950 389 996 Ibid
443 950 469 994 9
542 945 573 1010 ἡ
632 944 730 1012 μὲν
781 944 872 997 οὖν
926 945 1117 1013 πρώτη
1175 945 1526 1002 κατάστασις
1584 949 1693 1000 τῶν

189 1018 312 1087 περὶ
362 1017 461 1083 τὴν
511 1016 780 1085 μουσικὴν
832 1018 886 1069 ἐν
938 1023 1002 1087 τῇ
1057 1018 1288 1088 Σπάρτῃ
1340 1019 1691 1089 Τερπάνδρου

186 1089 647 1156 καταστήσαντος
684 1089 985 1158 γεγένηται.

264 1180 495 1226 11›id.42
573 1174 656 1226 ὅτι
708 1173 763 1224 δὲ
815 1174 906 1226 καὶ
959 1177 1079 1230 ταῖς
1132 1174 1530 1241 εὐνομωτάταις
1582 1178 1689 1228 τῶν

189 1247 405 1299 πόλεων
455 1245 708 1313 ἐπιμελὲς
759 1248 1046 1313 γεγένηται
1097 1245 1362 1316 φροντίδα
1406 1248 1691 1301 ποιεῖσθαι

190 1325 283 1386 τῆς
344 1319 591 1387 γενναίας
649 1324 934 1386 μουσικῆς,
990 1320 1182 1371 πολλὰ
1240 1319 1338 1387 μὲν
1387 1319 1479 1372 καὶ
1536 1320 1689 1373 ἄλλα

189 1393 462 1463 μαρτύρια
518 1391 872 1458 παραθεσθαι
931 1391 1069 1444 ἔστι·
1123 1391 1472 1462 Τερπανδρον
1529 1391 1572 1444 δ’
1624 1393 1689 1446 ἄν

187 1488 265 1522 τις
317 1466 647 1534 παραλάβοι
698 1463 789 1517 τὸν
841 1487 940 1530 την
988 1464 1280 1532 γενομένην
1339 1465 1476 1518 ποτὲ
1530 1465 1686 1534 παρὰ

184 1537 636 1606 Λακεδαιμονίοις
665 1560 736 1588 σ
716 1570 723 1589 ι
741 1559 869 1589 ασιν
897 1539 1316 1590 καταλύσαντα.

261 1630 368 1676 Ael.
429 1630 478 1676 l.
489 1629 554 1675 Η.
625 1631 697 1675 12.·
759 1629 822 1674 50
931 1621 1349 1689 Λακεδαιμόνιοι
1418 1627 1688 1690 μουσικῆς

170 1697 421 1765 ,ἀπείρως
462 1697 627 1767 εἶχον·
668 1697 825 1763 ἔμελε
863 1718 969 1764 γαρ
1009 1695 1197 1751 αὐτοῖς
1234 1693 1554 1762 γυμνασίων
1592 1695 1683 1747 καὶ

183 1770 392 1823 ὅπλων·
438 1770 483 1822 εἰ
534 1770 590 1822 δέ
640 1792 776 1822 ποτε
827 1767 1129 1834 ἐδεηθησαν
1180 1772 1275 1833 τῆς
1326 1767 1384 1818 ἐκ
1439 1769 1687 1820 Βίουσῶν

184 1842 497 1912 ἐπικουρίας
548 1842 580 1909 ἢ
627 1863 962 1907 νοσησαντες
1006 1864 1038 1906 η
1083 1839 1611 1910 παραφρονήσαντες
1649 1839 1684 1906 ἢ

184 1915 330 1968 ἄλλο
360 1939 409 1968 τι
440 1919 684 1968 τοιοῦτον
706 1911 946 1986 δημοσία
966 1912 1251 1972 παθόντες,
1268 1911 1681 1980 μετεπέμποντο

185 1989 369 2054 ξένους
432 1987 632 2057 ἄνδρας
689 1988 800 2040 οἷον
854 1985 1071 2055 ἰατρους
1123 1984 1157 2052 ἢ
1210 1984 1489 2053 καθαρτὰς
1540 1983 1682 2038 κατὰ

182 2060 594 2132 πυθόχρηστον.
658 2056 1088 2128 μετεπέμψαντό
1114 2080 1178 2149 γε
1202 2057 1309 2125 μὴν
1333 2056 1682 2127 Τέρπανδρον

183 2134 272 2186 καὶ
322 2135 560 2198 Οάλητα
602 2133 694 2184 καὶ
736 2134 1009 2201 Τυρταῖον
1049 2131 1144 2183 καὶ
1189 2130 1282 2182 τὸν
1324 2128 1681 2196 Κυδωνιάτην

181 2208 477 2273 Νυμφαῖον
506 2206 599 2258 καὶ
624 2207 929 2272 Ἀλκμανα.
936 2204 956 2235 4

254 2295 393 2344 Suid.
470 2288 608 2354 μετὰ
647 2287 891 2350 Λέσβιον
935 2285 1086 2356 ᾠδόν·
1114 2284 1380 2354 παροιμία
1411 2285 1678 2353 λεγομένη

181 2363 272 2414 ἐπὶ
325 2366 430 2415 τῶν
482 2361 550 2413 τὰ
597 2360 821 2429 δεύτερα
867 2357 1311 2428 φερομένων.οἱ
1352 2357 1458 2428 γὰρ
1503 2361 1677 2410 Λακε-

181 2434 449 2503 δαιμόνιοι
510 2457 634 2489 τους
695 2432 970 2496 Λεσβίους
1028 2429 1362 2500 κιθαρῳδοὺς
1426 2430 1676 2500 πρώτους

181 2510 646 2575 προσεκαλοῦντο.
697 2503 1194 2568 ἀκαταστατούσης
1216 2502 1324 2572 γὰρ
1349 2507 1443 2568 τῆς
1464 2501 1677 2560 πόλεως

183 2581 378 2639 αὐτῶν,
409 2601 660 2648 χρησμος
693 2578 904 2644 ἐγένετο
939 2575 1031 2628 τὸν
1059 2575 1306 2640 Λέσβιον
1337 2573 1473 2645 ᾠδὸν
1510 2597 1675 2642 μετα-

180 2650 614 2720 πέμπεσθαι·οι
660 2649 705 2701 δ’
745 2651 804 2717 ἐξ
839 2648 1141 2714 Ἀντίσσης
1193 2647 1541 2718 Τέρπανδρον
1591 2646 1674 2718 ἐφ’

182 2751 241 2795 26
